2867 4625
230 2659 319 2725 50

328 95 457 161 156

979 92 1329 149 CORNELII
1362 91 1610 148 TACITI
1644 90 2040 147 ANNALIUM

276 257 552 324 ..Iunius
597 258 918 324 Marullus
975 256 1201 322 consul
1257 254 1636 341 designatus
1692 253 2103 320 adimendam
2156 275 2269 319 reo
2317 257 2669 337 praeturam

326 346 813 432 necandumque
860 368 1040 412 more
1085 344 1425 410 maiorum.
1501 344 1729 409 ceteris
1765 345 1916 408 inde
1953 343 2484 427 adsentientibus,
2525 342 2669 408 Pae·

326 439 434 501 tus
471 436 779 520 Thrasea,
825 436 1032 501 multo
1080 456 1226 500 cum
1272 433 1521 499 honore
1558 432 1857 499 Caesaris
1902 437 1969 498 et
2015 432 2330 498 acerrime
2372 432 2675 516 increpito

328 524 639 608 Antistio,
685 547 818 590 non
864 523 1175 610 quidquid
1219 544 1463 589 nocens
1507 544 1655 587 reus
1700 522 1841 607 pati
1885 525 2267 605 mereretur,
2313 519 2381 584 id
2428 521 2675 606 egregio

224 625 291 675 15
333 614 453 679 sub
500 615 790 698 principe
835 618 903 679 et
947 613 1132 677 nulla
1175 613 1570 677 necessitate
1617 612 1931 677 obstricto
1980 611 2237 675 senatui
2273 610 2674 675 statuendum

328 701 662 786 disseruit3
719 703 1085 768 carnificem
1127 706 1209 767 et
1264 700 1570 786 laqueum
1615 701 1867 804 pridem
1914 701 2189 784 abolita,
2243 702 2312 765 et
2357 720 2502 763 esse
2545 719 2675 782 poe·

325 813 446 857 nas
503 792 761 878 legibus
816 792 1235 874 constitutas,
1296 790 1531 875 quibus
1587 790 1728 854 sine
1774 789 2061 855 iudicum
2108 788 2382 854 saevitia
2429 791 2497 852 et
2538 792 2676 852 tem-

326 902 559 965 porum
604 881 875 946 infamia
921 880 1240 966 supplicia
1291 880 1809 945 decernerentur.
1900 879 2058 981 quin
2105 879 2176 942 in
2221 877 2441 942 insula
2484 877 2677 961 publi-

332 970 498 1035 catis
554 970 768 1054 bonis,
826 991 954 1054 quo
988 970 1267 1054 longius
1316 973 1573 1034 sontem
1617 968 1822 1033 vitam
1868 967 2206 1051 traxisset,
2259 988 2339 1031 eo
2385 967 2677 1050 privatim

222 1070 293 1119 20
333 1060 737 1125 miseriorem
767 1063 835 1124 et
861 1059 1158 1143 publicae
1188 1058 1570 1123 clementiae
1598 1057 1953 1122 maximum
1982 1055 2351 1140 exemplum
2384 1055 2676 1119 futurum.

221 1143 309 1208 49

508 1148 806 1214 Libertas
854 1148 1182 1213 Thraseae
1238 1147 1573 1212 servitium
1630 1147 1908 1211 aliorum
1962 1146 2166 1230 rupit,
2223 1149 2291 1209 et
2342 1148 2677 1246 postquam

335 1237 792 1303 discessionem
830 1237 1058 1303 consul
1095 1236 1498 1321 permiserat,
1534 1235 1861 1320 pedibus
1840 1257 1912 1299 m
1950 1234 2345 1300 sententiam
2380 1232 2523 1298 eius
2550 1232 2681 1313 iere,

334 1328 560 1410 paucis
598 1327 903 1411 exceptis,
948 1327 1018 1390 in
1061 1326 1294 1411 quibus
1333 1325 1708 1390 adulatione
1743 1324 2268 1408 promptissimus
2306 1321 2437 1386 fuit
2471 1321 2553 1386 A.
2590 1321 2682 1386 Vi·

333 1416 572 1501 tellius,
619 1417 933 1500 optimum
984 1435 1302 1499 quemque
1347 1414 1561 1500 iurgio
1608 1414 1933 1479 lacessens
1982 1416 2048 1478 et
2082 1410 2508 1496 respondenti
2544 1411 2679 1475 reti·

264 1515 296 1564 5
335 1526 508 1589 cens,
554 1509 629 1570 ut
671 1504 909 1588 pavida
952 1505 1220 1588 ingenia
1265 1504 1497 1568 solent.
1571 1507 1642 1568 at
1687 1503 1981 1568 consules
2024 1502 2329 1586 perficere
2364 1500 2679 1567 decretum

336 1597 601 1658 senatus
646 1615 782 1660 non
829 1594 990 1679 ausi,
1035 1594 1114 1659 de
1162 1615 1481 1660 consensu
1521 1593 1832 1676 scripsere
1870 1589 2153 1656 Caesari.
2220 1590 2330 1654 ille
2366 1590 2548 1655 inter
2579 1612 2682 1673 pu-

333 1681 554 1748 dorem
620 1687 688 1747 et
740 1683 906 1749 iram
961 1688 1337 1768 cunctatus,
1403 1685 1741 1785 postremo
1790 1681 2153 1765 rescripsit:
2217 1679 2403 1745 nulla
2456 1678 2682 1743 iniuria

331 1775 754 1857 provocatum
809 1773 1170 1853 Antistium
1235 1771 1657 1858 gravissimas
1722 1771 1793 1835 in
1850 1771 2210 1855 principem
2264 1768 2682 1835 contumelias

326 1860 606 1947 dixisse,
656 1884 878 1927 earum
924 1862 1238 1928 ultionem
1285 1883 1323 1925 a
1368 1861 1667 1946 patribus
1712 1860 2131 1944 postulatam,
2176 1863 2243 1923 et
2282 1880 2406 1942 pro
2445 1857 2681 1942 magni-

228 1961 295 2012 10
332 1950 558 2016 tudine
590 1911 814 2017 delicti
849 1973 1133 2035 poenam
1172 1951 1374 2015 statui
1411 1971 1532 2035 par
1567 1950 1786 2014 fuisse.
1847 1952 2134 2014 ceterum
2170 1969 2257 2031 se,
2310 1947 2425 2032 qui
2465 1944 2683 2011 severi·

331 2043 538 2106 tatem
585 2040 1066 2105 decernentium
1111 2039 1522 2123 inpediturus
1569 2040 1782 2123 fuerit,
1829 2037 2343 2103 moderationem
2378 2058 2517 2102 non
2551 2056 2682 2118 pro·

332 2129 584 2195 hibere.
639 2133 1001 2195 statuerent
1054 2132 1129 2194 ut
1183 2128 1454 2211 vellent,
1508 2128 1729 2193 datam
1784 2132 1850 2192 et
1905 2125 2286 2192 absolvendi
2341 2125 2680 2190 licentiam.

332 2219 436 2282 his
497 2221 690 2304 atque
744 2219 986 2284 talibus
1040 2219 1332 2283 recitatis
1389 2220 1457 2283 et
1510 2217 1864 2282 offensione
1921 2214 2296 2298 manifesta,
2359 2236 2497 2280 non
2548 2213 2677 2277 ideo

342 2312 456 2373 aut
520 2308 817 2374 consules
872 2313 1207 2374 mutavere
1261 2308 1645 2374 relationem
1702 2309 1817 2373 aut
1868 2306 2159 2371 Thrasea
2214 2304 2496 2370 decessit
2548 2324 2676 2368 sen-

239 2408 304 2457 15
341 2397 551 2462 tentia
596 2398 873 2463 ceterive
919 2420 1083 2483 quae
1130 2398 1564 2482 probaverant
1603 2398 1957 2481 deseruere,
2001 2418 2173 2480 pam,
2218 2416 2300 2459 ne
2338 2392 2679 2477 principem

342 2487 654 2551 obiecisse
690 2487 971 2552 invidiae
1009 2488 1402 2571 viderentur,
1439 2487 1655 2571 plures
1690 2508 1961 2551 numero
1999 2485 2144 2567 tuti,
2182 2483 2477 2548 Thrasea
2512 2483 2680 2547 sueta

339 2575 732 2639 firmitudine
779 2577 982 2641 animi
1028 2580 1096 2641 et
1140 2598 1221 2640 ne
1270 2576 1483 2661 gloria
1527 2575 1955 2641 intercideret.

516 2662 709 2730 Haud
764 2664 1009 2749 dispari
1063 2665 1332 2730 crimine
1385 2663 1725 2730 Fabricius
1770 2663 2051 2729 Veiento
2110 2662 2523 2728 conflictatus
2577 2664 2677 2744 est,

338 2752 511 2854 quod
565 2754 774 2818 multa
829 2759 897 2818 et
949 2756 1297 2838 probrosa.
1309 2755 1381 2819 in
1426 2757 1647 2837 patres
1694 2757 1762 2818 et
1810 2752 2179 2820 sacerdotes
2226 2751 2680 2836 composuisset

335 2842 417 2905 iis
461 2841 646 2906 libris
693 2844 957 2928 quibus
972 2865 1212 2909 nomen
1248 2843 1693 2909 codicillorum
1730 2843 2012 2907 dederat.
2081 2840 2408 2906 adiciebat
2444 2838 2675 2904 Tullius

340 2928 647 2995 Geminus
696 2935 1036 2997 accusator
1080 2933 1413 2998 venditata
1461 2932 1543 2996 ab
1591 2953 1666 2996 eo
1712 2952 1983 2995 munera
2027 2930 2340 3014 principis
2386 2932 2455 2993 et
2493 2927 2677 3012 adipi-

412 3074 495 3123 12.
533 3086 679 3124 more
703 3071 991 3135 maiorum,
1025 3068 1318 3139 Staupung
1344 3069 1461 3124 und

339 3139 764 3209 Enthauptung.

412 3216 495 3264 13.
515 3197 667 3264 ‘Uber
704 3210 956 3263 Thrasea
991 3226 1034 3263 s
1073 3228 1141 3263 zu
1181 3216 1265 3276 13,
1304 3217 1388 3265 49.

411 3285 494 3334 15.
553 3287 603 3334 et
651 3282 812 3335 nulla
857 3280 1038 3335 bildet
1082 3252 1288 3335 ebensb
1335 3282 1460 3336 eine

337 3351 726 3406 unklassische
771 3351 1047 3405 Parataxe
1093 3351 1198 3407 wie
1243 3352 1351 3423 ΚΡ.
1389 3359 1458 3407 47

337 3428 388 3476 et
423 3423 800 3477 adulantibus.

408 3492 506 3550 49.
555 3500 604 3550 3.
642 3494 707 3549 A.
736 3493 1019 3559 Vitellius,
1057 3492 1272 3549 Konsul
1298 3492 1377 3547 im
1407 3495 1459 3549 J

337 3569 433 3628 48,
471 3564 549 3618 ist
585 3564 684 3619 der
721 3566 940 3634 spatere
976 3564 1192 3620 Kaiser.

409 3641 458 3689 4.
501 3637 719 3690 reticere
754 3636 862 3691 mit
897 3635 1025 3689 dem
1055 3636 1227 3690 Dativ
1247 3636 1339 3705 ,ist
1365 3635 1461 3690 bei

338 3706 467 3762 Tac.
498 3699 597 3762 ἅπ.
619 3705 740 3776 elo„
767 3706 944 3760 findet
971 3707 1091 3761 sich
1119 3708 1257 3761 aber
1287 3707 1462 3762 schon

337 3777 432 3831 bei
471 3776 618 3834 ovid
662 3777 779 3832 und
815 3778 1022 3833 Livius,
1099 3778 1269 3833 Sonst
1310 3777 1464 3832 steht

340 3864 399 3902 es
439 3848 662 3903 absolut
698 3849 833 3903 oder
867 3847 976 3903 mit
1002 3848 1132 3903 dem
1158 3848 1464 3903 Accusativ

343 3918 443 3973 der
479 3918 676 3975 Sache.

413 3994 460 4043 ὅ.
518 3992 805 4059 perficere,
873 3989 1050 4044 durch
1113 3989 1464 4044 schriftliche

340 4059 766 4131 Aufzeichnung
801 4061 948 4115 nach
985 4061 1328 4129 Entlassung
1364 4060 1463 4115 des

342 4129 602 4200 Senates,
657 4136 822 4186 unter
876 4131 1120 4199 Leitung
1172 4130 1270 4185 des
1290 4079 1465 4185 g-Vor

342 4175 627 4254 sitzenden
664 4203 777 4255 und
806 4202 959 4256 eines
988 4201 1464 4256 Redaktionsaus—

345 4269 598 4324 schusses
637 4273 755 4339 (qui
789 4274 1074 4328 scribendo
1110 4273 1380 4340 aderant).

1643 3074 1725 3125 16.
1754 3073 1912 3123 sueta
1936 3068 2277 3136 firmitudine
2303 3068 2404 3123 ctt.
2444 3067 2558 3121 Das
2575 3066 2683 3119 hier

1570 3140 2056 3209 ausgesprochene
2101 3138 2221 3193 Lob
2272 3138 2496 3191 stimmt
2539 3137 2685 3191 nicht

1570 3228 1710 3281 ganz
1745 3209 1978 3265 iiberein
2017 3209 2123 3264 mit
2149 3209 2256 3279 ΚΡ.
2298 3215 2393 3263 12:
2431 3210 2543 3264 sibi
2566 3224 2684 3263 cau-

1569 3299 1689 3337 sam
1716 3283 1961 3351 periculi
1995 3281 2149 3348 fecit,
2198 3282 2386 3335 ceteris
2427 3279 2682 3335 laver-tata

1569 3355 1797 3409 initium
1831 3368 1950 3407 nou
1981 3352 2255 3421 praebuit.

1642 3422 1741 3479 50.
1810 3431 1856 3478 1.
1912 3422 2154 3493 Vejento
2208 3439 2328 3478 war
2383 3423 2552 3491 (nach
2594 3421 2684 3475 Ju-

1571 3496 1757 3563 venal)
1805 3496 1971 3549 unter
2014 3493 2303 3549 Domitian
2350 3495 2444 3547 ein
2489 3493 2679 3562 gemei-

1568 3584 1669 3620 ner
1707 3565 2091 3621 Schmeichler
2125 3565 2242 3618 und
2280 3564 2528 3621 Delator.
2578 3563 2679 3616 Der

1563 3637 1801 3720 jiingere
1838 3636 2055 3691 Plinius
2104 3637 2361 3690 erw‘ahnt
2404 3636 2507 3690 ihn
2549 3633 2678 3688 noch

1573 3709 1655 3762 als
1692 3707 1857 3762 einen
1894 3707 2196 3776 Gunstling
2232 3706 2332 3760 des
2371 3706 2572 3761 Nerva.

1645 3785 1693 3833 3.
1758 3780 2148 3834 codicillorum.
2231 3777 2309 3830 Er
2362 3776 2522 3832 hatte
2571 3776 2678 3830 also

1571 3851 1737 3905 unter
1773 3850 1901 3904 dem
1933 3847 2087 3903 Titel
2122 3848 2346 3915 seines,
2351 3848 2677 3916 ,Testamen-

1571 3922 1697 3974 tes“
1750 3921 1874 3974 eine
1922 3919 2105 3974 Satire
2160 3935 2346 4001 gegen
2392 3920 2676 3974 vornehme

1572 3992 1969 4073 Zeitgenossen
2016 3989 2397 4059 geschrieben.
2448 4020 2517 4031 -
2560 3987 2679 4043 Tul-

1571 4061 1682 4116 lius
1720 4060 1989 4117 Geminus
2025 4061 2248 4115 kommt
2282 4061 2387 4115 auf
2418 4062 2568 4115 einer
2600 4059 2678 4111 In·

1574 4131 1773 4188 schrift
1808 4133 1891 4187 als
1930 4131 2147 4186 Konsul
2185 4133 2349 4186 unter
2384 4132 2536 4187 Nero
2570 4145 2673 4185 vor.

1643 4210 1694 4259 4.
1746 4205 2031 4260 venditata
2075 4220 2305 4257 munera
2352 4206 2453 4259 ctt.
2490 4201 2677 4257 bedeu-

1570 4276 1683 4344 tet,
1733 4275 1856 4330 dass
1901 4274 2142 4344 Vejento
2187 4291 2299 4329 von
2347 4274 2552 4342 denen,
2595 4270 2675 4325 die
