2867 4625
1023 79 1244 135 LIBER,
1278 78 1372 135 VI.
1429 78 1584 136 cAP.
1616 84 1844 136 37—38.
2487 79 2614 145 287

260 244 546 310 secunda
591 265 801 328 neque
847 243 1179 328 diuturna,
1235 243 1389 328 quia
1446 263 1669 308 eorum
1725 265 1890 328 quae
1935 247 2113 308 terra
2158 242 2426 308 caelove
2472 264 2616 327 por-

258 333 682 398 tenderentur
754 333 990 397 certior
1060 332 1249 416 fides,
1322 330 1666 396 fluminum
1729 332 2051 398 instabilis
2116 337 2353 397 natura
2421 333 2617 397 simul

260 422 633 488 ostenderet
686 421 907 486 omina
959 423 1361 506 raperetque.
1455 420 1568 484 sed
1622 424 1822 504 ponte
1874 421 2153 486 navibus
2210 420 2437 486 effecto
2490 424 2618 484 tra-

260 512 595 596 missoque
642 511 927 576 exercitu
971 509 1220 595 primus
1269 508 1683 593 Ornospades
1730 510 1959 576 multis
2006 510 2294 595 equitum
2349 509 2617 575 milibus

260 601 326 665 in
384 603 605 665 castra
658 599 863 683 venit,
919 599 1068 664 exul
1124 597 1450 684 quondam
1508 603 1573 663 et
1627 598 1922 684 Tiberio,
1979 620 2125 664 cum
2183 597 2619 664 Delmaticum

257 689 506 755 bellum
574 688 943 772 conficeret,
1015 688 1189 753 haud
1251 685 1573 771 inglorius
1651 687 2003 753 auxiliator
2076 709 2278 773 eoque
2353 687 2619 753 civitate

260 777 564 843 Romana
608 777 902 859 donatus,
947 797 1099 842 mox
1142 776 1423 860 repetita
1470 775 1759 842 amicitia
1804 776 1978 861 regis
2017 777 2223 842 multo
2263 775 2434 860 apud
2471 798 2618 842 eum

259 866 534 949 honore,
573 865 939 950 praefectus
978 865 1226 948 campis
1266 865 1376 950 qui
1404 862 1745 949 Euphrate
1785 869 1851 930 et
1880 864 2078 951 Tigre
2116 865 2379 930 inclutis
2419 867 2620 930 amni-

262 956 389 1020 bus
440 953 800 1019 circumflui
836 952 1349 1039 Mesopotamiae
1395 975 1634 1018 nomen
1681 956 2083 1039 acceperunt.
2151 975 2361 1038 neque
2416 955 2619 1022 multo

259 1047 415 1129 post
463 1040 774 1109 Sinnaces
831 1045 1028 1129 auget
1084 1042 1335 1127 copias,
1391 1045 1459 1106 et
1513 1043 1808 1107 columen
1864 1043 2151 1127 partium
2196 1041 2618 1129 Abdagaeses

263 1154 496 1219 gazam
541 1134 608 1197 et
652 1135 920 1216 paratus
967 1133 1182 1216 regios
1241 1131 1457 1196 adicit.
1553 1129 1862 1197 Vitellius
1909 1135 2275 1197 ostentasse
2321 1131 2617 1198 Romana

262 1244 447 1288 arma
494 1222 652 1287 satis
698 1224 881 1286 ratus
928 1223 1153 1285 monet
1189 1219 1525 1285 Tiridaten
1570 1220 2034 1306 primoresque,
2079 1222 2272 1304 hunc,
2318 1221 2615 1288 Phraatis

259 1311 369 1377 avi
416 1314 481 1375 et
526 1309 753 1376 altoris
801 1309 1099 1376 Caesaris
1147 1330 1436 1395 quaeque
1493 1309 1845 1394 utrubique
1899 1309 2173 1393 pulchra
2227 1311 2618 1396 meminerit,

255 1400 410 1464 illos
458 1400 836 1483 obsequium
881 1399 952 1464 in
996 1418 1247 1483 regem,
1302 1397 1736 1463 reverentiam
1781 1398 1851 1463 in
1895 1420 2049 1482 nos,
2105 1399 2298 1464 decus
2345 1400 2617 1486 quisque

260 1510 451 1554 suum
518 1491 584 1553 et
645 1487 839 1553 fidem
901 1487 1276 1552 retinerent.
1368 1487 1520 1551 exin
1586 1509 1733 1553 cum
1794 1487 2163 1572 legionibus
2229 1489 2299 1552 in
2361 1487 2616 1555 Suriam

253 1577 590 1643 remeavit.

2657 347 2725 397 10

2659 789 2725 841 15

2657 1204 2725 1283 so

442 1665 622 1743 Quae
668 1664 918 1730 duabus
965 1663 1324 1729 aestatibus
1373 1671 1560 1748 gesta
1606 1663 1944 1749 coniunxi,
1999 1686 2125 1750 quo
2185 1666 2616 1751 requiesceret
2636 1661 2723 1726 38

258 1755 516 1820 animus
573 1777 613 1819 a
667 1753 1036 1819 domesticis
1094 1751 1311 1835 malis3
1369 1774 1506 1817 non
1564 1752 1737 1817 enim
1797 1751 2159 1841 Tiberium,
2219 1776 2613 1841 quamquam

256 1844 543 1909 triennio
589 1846 741 1929 post
785 1842 1042 1908 caedem
1082 1838 1319 1925 Seiani,
1367 1862 1531 1925 quae
1578 1844 1824 1907 ceteros
1872 1843 2125 1908 mollire
2171 1845 2399 1929 solent,
2443 1847 2608 1910 tem·-

259 1955 384 2017 pus
449 1953 671 2015 preces
737 1931 935 1996 satias
997 1929 1415 2014 mitigabant,
1479 1930 1641 2014 quin
1699 1930 1947 1996 incerta
2007 1933 2108 1997 vel
2173 1933 2420 1999 abolita
2482 1956 2604 2019 pro

259 2021 667 2106 gravissimis
715 2029 778 2085 et
821 2019 1186 2085 recentibus
1235 2019 1510 2103 puniret.
1583 2040 1658 2084 eo
1706 2023 1884 2084 metu
1920 2018 2249 2087 Fulcinius
2293 2022 2466 2105 Trio,
2510 2024 2605 2087 in·
2642 2030 2674 2079 5

260 2109 555 2194 gruentis
605 2113 1012 2175 accusatores
1066 2107 1242 2172 haud
1296 2128 1643 2192 perpessus
1653 2157 1671 2191 ,
1728 2110 2046 2192 supremis
2101 2109 2345 2174 tabulis
2403 2111 2611 2176 multa

261 2202 326 2263 et
375 2198 619 2264 atrocia
657 2198 723 2262 in
761 2197 1134 2264 Macronem
1171 2218 1246 2261 ao
1283 2196 1665 2281 praecipuos
1701 2196 2084 2263 libertorum
2123 2196 2424 2264 Caesaris
2463 2221 2610 2266 con-

259 2288 510 2373 posuit,
554 2286 685 2373 ipsi
736 2286 978 2352 fluxam
1035 2285 1213 2352 senio
1271 2288 1559 2351 mentem
1606 2288 1670 2350 et
1716 2286 2025 2352 continuo
2074 2287 2380 2354 abscessu
2427 2289 2608 2354 velut

261 2377 526 2442 exilium
572 2375 977 2442 obiectando.
1050 2396 1214 2460 quae
1252 2375 1332 2439 ab
1369 2373 1715 2440 heredibus
1762 2377 2083 2441 occultata
2127 2379 2389 2443 recitari
2425 2378 2609 2443 Tibe-

258 2467 394 2531 rius
440 2466 653 2568 iussit,
696 2465 1083 2549 patientiam
1128 2464 1451 2529 libertatis
1500 2462 1753 2529 alienae
1800 2468 2135 2530 ostentans
2176 2470 2242 2530 et
2280 2472 2608 2552 contemp·
2648 2475 2715 2524 10

257 2558 369 2619 tor
413 2575 568 2619 suae
613 2553 947 2637 mfamiae,
1004 2575 1087 2617 an
1144 2552 1458 2617 scelerum
1507 2550 1725 2617 Seiani
1782 2552 1889 2617 diu
1944 2555 2202 2620 nescius
2264 2577 2416 2621 mox
2463 2578 2616 2641 quo·

262 2665 391 2728 quo
457 2641 650 2709 modo
714 2643 889 2708 dicta
953 2642 1210 2729 vulgari
1275 2641 1566 2706 malebat
1628 2641 2084 2727 veritatisque,
2162 2644 2265 2708 cui
2331 2645 2617 2711 adulatio

266 2731 500 2816 officit,
544 2753 661 2816 per
705 2732 948 2816 probra
994 2731 1225 2796 saltem
1272 2750 1515 2815 gnarus
1562 2729 1721 2796 fieri.
1810 2730 2016 2796 isdem
2062 2732 2285 2798 diebus
2334 2731 2617 2799 Granius

269 2818 648 2886 Marcianus
697 2824 984 2905 senator,
1040 2842 1079 2885 a
1133 2817 1203 2885 O.
1253 2816 1549 2884 Graccho
1608 2815 1970 2885 maiestatis
2023 2822 2427 2908 postulatuS,
2485 2824 2619 2888 vim

335 3053 384 3103 9.
422 3063 596 3118 neque
633 3049 772 3103 statt
807 3048 900 3102 sed
934 3063 1064 3114 non,
1101 3047 1209 3102 wie
1244 3045 1380 3115 Agr.
1491 3045 1811 3101 schriftlich
1840 3047 2001 3120 efter,
2038 3070 2084 3108 z.
2114 3050 2182 3105 B.
2214 3050 2334 3106 Cic.
2365 3052 2454 3107 ad.
2484 3051 2616 3106 fam.

262 3123 296 3174 8
323 3124 485 3175 exsta
510 3120 784 3175 iuvidiam
817 3134 916 3174 nec
950 3124 1111 3173 extra
1147 3119 1383 3188 yloriam
1493 3122 1578 3181 10,
1608 3121 1700 3186 31,
1727 3123 1777 3175 2.

263 3195 396 3247 erat.
472 3189 592 3246 Liv.
632 3196 681 3259 3,
719 3194 788 3245 55
831 3191 951 3245 sine
993 3190 1114 3244 ulla
1163 3190 1383 3244 iniuria
1563 3187 1659 3245 88.
1699 3194 1749 3245 4.
1799 3193 1938 3260 quin
1971 3192 2084 3248 fast
2119 3193 2317 3264 gleich
2352 3196 2474 3263 sed,
2508 3194 2618 3250 wie

260 3277 360 3317 nec
410 3262 532 3316 sine
581 3261 887 3329 offensione.
963 3266 1020 3327 5,
1059 3266 1127 3315 22
1176 3260 1385 3330 oppida
1492 3276 1577 3329 cp.
1619 3265 1651 3315 6
1708 3276 1822 3326 non
1871 3266 2226 3334 proteqebant
2286 3267 2425 3335 quin
2476 3267 2615 3333 fate-

264 3336 594 3402 oppuyuata
629 3347 728 3389 nec
762 3332 990 3387 obsessa.
1491 3335 1662 3386 retur.

336 3408 419 3458 13.
469 3403 851 3458 Delmaticum.
903 3401 978 3456 Es
1015 3402 1093 3457 ist
1128 3402 1226 3456 der
1264 3401 1382 3456 dal·
1565 3406 1616 3457 ὅ.
1662 3401 1815 3471 Trio,
1854 3404 1930 3459 im
1958 3404 2007 3461 J.
2029 3411 2095 3458 31
2125 3407 2359 3475 Konsul‚
2401 3424 2518 3462 war
2545 3415 2614 3464 32

260 3473 915 3541 matisch-pannonische
951 3472 1228 3529 Aufstamd
1271 3489 1383 3527 von
1489 3488 1602 3527 von
1639 3471 1904 3529 Haterius
1952 3477 2291 3548 angeklagt‚
2337 3480 2473 3534 aber
2519 3480 2621 3534 auf

256 3550 403 3602 ,6-9
441 3563 495 3602 n.
528 3542 683 3612 Chr„
729 3543 909 3599 durch
943 3542 1200 3599 Tiberius
1237 3543 1383 3598 nach
1492 3542 1584 3597 die
1642 3542 2041 3617 Verwendtmg
2105 3547 2203 3603 des
2274 3550 2614 3619 Sanquinius

261 3615 698 3671 verzweifeltem
730 3614 1129 3670 Widerstande
1165 3613 1383 3669 nieder·
1490 3614 1795 3670 verschont
1834 3615 2084 3685 worden3
2124 3637 2165 3673 s.
2197 3636 2280 3689 cp.
2310 3625 2360 3675 4.

258 3688 625 3757 geschlagen.
1563 3689 1613 3740 8.
1661 3686 1911 3742 abscessu
1955 3686 2032 3742 ist
2075 3689 2342 3746 kausaler
2378 3691 2614 3746 Ablativ

337 3763 420 3813 14.
473 3758 806 3825 auxiliator,
859 3757 950 3812 bei
1002 3757 1230 3812 Tacitus
1282 3753 1380 3811 ἅπ.
1492 3756 1631 3811 statt
1661 3762 1912 3825 propter,
1949 3756 2071 3812 hier
2097 3760 2189 3815 fur
2219 3763 2470 3818 absentia
2499 3764 2614 3818 und

258 3827 382 3898 elo„
413 3830 637 3884 kommt
663 3830 774 3884 erst
800 3828 911 3885 seit
935 3828 1236 3883 Petronius
1264 3842 1381 3895 vor,
1492 3826 1553 3880 in
1590 3825 1805 3882 diesem
1843 3828 2012 3883 Sinne
2048 3824 2145 3887 ἅπ.
2177 3830 2278 3900 elo.

259 3899 414 3955 dann
454 3900 541 3955 oft
578 3899 671 3954 bei
707 3899 1174 3955 Kirchenvatern.
1579 3903 1660 3953 10.
1700 3905 2043 4024 οοπΐεωέιον,
2076 3905 2263 3957 zuerst
2288 3904 2381 3958 bei
2411 3903 2621 3962 Sallust

337 3978 424 4027 17.
462 3972 818 4040 circumfluus
851 3969 958 4025 mit
1003 3969 1260 4041 passiver
1290 3967 1396 4023 Be·
1503 3970 1618 4024 und
1655 3966 1858 4040 Virgil‚
1935 3987 2046 4027 ann
2083 3973 2352 4046 haufiger.

259 4040 550 4125 deutung‚
600 4042 695 4098 bei
729 4041 860 4096 Tac.
898 4040 1062 4096 nicht
1097 4040 1273 4108 oster,
1321 4040 1397 4095 ist
1579 4044 1660 4094 14.
1692 4040 1778 4121 ,0.
1821 4042 2103 4100 Gracchus
2156 4063 2276 4103 war
2329 4045 2408 4100 im
2459 4046 2508 4102 J.
2548 4054 2617 4104 32

258 4112 630 4169 dichtensch.
1503 4110 1602 4165 des
1639 4110 2190 4172 Emverstandnisses
2234 4119 2339 4173 mit
2373 4117 2620 4174 Tacfari·

333 4190 419 4241 21.
509 4184 616 4240 Die
690 4183 1020 4239 Schreibart
1099 4182 1397 4251 utrubique
1502 4198 1602 4237 nas
1631 4182 1956 4254 angeklagt‚
1995 4187 2131 4243 aber
2166 4188 2620 4259 freigesprochen

267 4256 421 4311 statt
475 4256 764 4326 utrobique
812 4254 988 4312 findet
1043 4253 1166 4310 sich
1217 4252 1392 4309 hand·
1502 4255 1730 4311 worden
1766 4261 1817 4325 4,
1852 4263 1933 4314 13.
