2867 4625
958 85 1175 141 LIBER
1210 85 1307 142 111.
1371 83 1524 141 OAP.
1556 90 1782 141 34—36.

200 247 451 332 eunda,
507 248 617 313 sed
670 250 1142 315 revertentibus
1197 252 1350 334 post
1401 248 1696 314 laborem
1753 249 1925 335 quod
1977 249 2313 316 honestius
2360 272 2553 337 quam
2593 269 2659 319 10

2427 87 2550 152 171

205 338 515 403 uxorium
568 339 1048 403 levamentum?
1124 342 1194 403 at
1246 338 1561 424 quasdam
1604 338 1674 403 in
1722 338 2142 404 ambitionem
2188 343 2302 404 aut
2346 339 2552 405 avari-

205 427 375 491 tiam
420 427 778 512 prolapsas.
852 426 1049 514 quid?
1094 427 1387 512 ipsorum
1422 426 1925 512 magistratuum
1960 449 2174 493 nonne
2209 429 2554 515 plerosque

203 515 411 580 variis
455 513 834 581 libidinibus
882 515 1243 582 obnoxios?
1286 537 1421 581 non
1465 519 1689 581 tamen
1733 514 1876 581 ideo
1923 517 2247 583 neminem
2291 517 2363 583 in
2406 539 2552 603 pro-

202 604 491 670 vinciam
536 606 728 671 mitti.
820 609 1159 691 corruptos
1207 626 1399 689 saepe
1445 604 1880 689 pravitatibus
1925 626 2197 671 uxorum
2253 606 2552 672 maritos:

201 714 364 758 num
412 714 567 779 ergo
614 693 825 759 omnis
872 695 1150 760 caelibes
1194 680 1534 778 integros?
1580 693 1904 779 placuisse
1941 694 2267 779 quondam
2305 693 2551 781 Oppias
2592 714 2658 764 15

202 781 417 867 leges,
482 782 576 848 sic
638 783 1038 867 temporibus
1103 782 1200 848 rei
1261 781 1561 866 publicae
1623 782 2134 867 postulantibns;
2208 784 2553 850 remissum

200 870 456 956 aliquid
502 874 732 955 postea
776 875 842 937 et
886 871 1285 957 mitigatum,
1333 871 1487 956 quia
1532 870 1904 956 expedierit.
1976 871 2223 937 frustra
2256 876 2551 938 nostram

196 958 559 1114 {5¹¹ssssssss
586 960 864 1115 ξὲἓαξὲ
885 960 1206 1116 ξξὲοξξὲ
1249 959 1617 1134 Ἕξξξξξὲζ
1659 982 1851 1114 ἓξὲξ
1868 960 2013 1114 ξξι
2037 961 2552 1115 ἰὲιὲἓῑὲἓιὲἷξ

202 1135 430 1201 cillum
479 1138 764 1203 animum
810 1140 981 1205 male
1020 1137 1182 1224 eripi
1220 1137 1472 1203 maritis
1511 1138 1839 1204 consortia
1872 1159 2086 1203 rerum
2124 1137 2550 1204 secundarum
2588 1157 2658 1207 20

202 1225 770 1313 adversarumque.
825 1228 1017 1293 simul
1046 1249 1271 1293 sexum
1297 1232 1534 1292 natura
1569 1226 1928 1292 invalidum
1966 1227 2175 1292 deseri
2211 1230 2278 1292 et
2314 1227 2551 1312 exponi

202 1336 324 1379 suo
382 1314 571 1399 luxu,
626 1316 1031 1400 cupidinibus
1088 1316 1336 1382 alienis,
1423 1315 1531 1381 vix
1577 1316 1904 1401 praesenti
1948 1315 2243 1381 custodia
2286 1337 2549 1381 manere

198 1402 460 1468 inlaesa
520 1404 850 1491 coniugia:
910 1406 1065 1491 quid
1122 1404 1291 1488 fore,
1351 1404 1408 1469 si
1469 1426 1588 1489 per
1640 1405 1859 1489 plures
1914 1425 2120 1469 annos
2173 1405 2242 1469 in
2285 1404 2550 1469 modum

202 1490 465 1557 discidii
504 1492 1002 1559 oblitterentur?
1060 1494 1153 1560 sic
1192 1494 1455 1559 obviam
1489 1493 1661 1558 irent
1696 1493 1778 1557 iis
1817 1514 1981 1577 quae
2020 1493 2177 1558 alibi
2214 1514 2550 1578 peccaren-

203 1584 341 1663 tur,
401 1584 477 1645 ut
528 1581 922 1669 flagitiorum
968 1583 1152 1648 urbis
1197 1581 1661 1647 meminissent.
1753 1581 2002 1647 addidit
2044 1603 2253 1668 pauca
2298 1581 2548 1647 Drusus
2586 1599 2655 1650 25

196 1668 281 1733 de
328 1669 749 1737 matrimonio
796 1694 940 1757 suo;
994 1694 1147 1737 nam
1203 1670 1604 1756 principibus
1652 1669 1943 1736 adeunda
1987 1671 2246 1756 saepius
2294 1671 2551 1756 longin-

200 1779 331 1843 qua
385 1757 658 1843 imperii.
749 1762 1046 1845 quotiens
1102 1761 1320 1826 divum
1367 1759 1738 1845 Augustum
1785 1759 1854 1824 in
1903 1759 2296 1826 occidentem
2356 1764 2548 1845 atque

201 1847 528 1912 orientem
574 1850 891 1915 meavisse
938 1850 1173 1915 comite
1220 1848 1430 1914 Livia!
1498 1870 1566 1913 se
1613 1870 1868 1933 quoque
1914 1848 1981 1913 in
2018 1847 2353 1932 Illyricum
2400 1870 2547 1932 pro-

198 1934 442 2001 fectum
480 1939 563 2019 et,
600 1937 656 2002 si
693 1939 785 2003 ita
822 1939 1159 2021 conducat,
1197 1938 1360 2002 alias
1397 1936 1480 2001 ad
1519 1942 1741 2022 gentes
1779 1937 2043 2021 iturum,
2078 1937 2250 2002 haud
2290 1958 2545 2022 semper

200 2045 414 2108 aequo
464 2025 700 2113 animo,
748 2027 805 2092 si
853 2028 936 2092 ab
983 2048 1180 2093 uxore
1226 2026 1566 2092 carissima
1603 2030 1669 2090 et
1704 2029 1806 2092 tot
1842 2026 2279 2091 communium
2315 2026 2549 2091 libero·
2586 2043 2656 2094 30

200 2134 351 2177 rum
396 2118 667 2197 parente
714 2116 1143 2182 divelleretur.
1234 2115 1327 2181 sic
1374 2112 1688 2180 Caecinae
1735 2115 2059 2180 sententia
2104 2114 2286 2180 elusa
2332 2117 2449 2179 est.

379 2199 686 2269 Proximo
717 2208 983 2270 senatus
1013 2205 1115 2270 die
1145 2203 1445 2269 Tiberius
1475 2225 1589 2288 per
1614 2204 1886 2287 litteras,
1922 2203 2260 2288 castigatis
2289 2202 2548 2288 oblique
2567 2205 2653 2271 35

202 2289 507 2375 patribus
547 2293 719 2377 quod
767 2297 1003 2360 cuncta
1049 2316 1348 2360 curarum
1395 2292 1477 2358 ad
1523 2292 1878 2379 principem
1917 2292 2251 2376 reicerent,
2295 2291 2401 2358 Μ’.
2428 2290 2545 2356 Le-

195 2380 426 2463 pidum
487 2384 554 2446 et
611 2381 872 2448 Iunium
930 2383 1241 2464 Blaesum
1299 2382 1685 2461 nominavit,
1745 2405 1823 2448 ex
1888 2382 2032 2466 quis
2097 2403 2216 2466 pro
2280 2380 2547 2447 consule

195 2467 466 2535 Africae
506 2471 848 2556 legeretur.
912 2475 1055 2537 tum
1098 2472 1321 2537 audita
1364 2471 1702 2536 amborum
1743 2471 1960 2553 verba,
2005 2469 2317 2536 intentius
2360 2490 2548 2534 excu-

195 2561 389 2622 sante
444 2580 513 2624 se
561 2559 834 2645 Lepido,
881 2583 1029 2626 cum
1074 2559 1511 2626 valetudinem
1560 2560 1847 2643 corporis
1858 2609 1876 2643 ‚
1923 2562 2203 2624 aetatem
2249 2560 2547 2641 liberum,
2584 2575 2616 2624 5

195 2647 489 2712 nubilem
526 2649 726 2714 filiam
765 2651 1160 2729 obtenderet,
1197 2649 1806 2734 intellegereturque
1846 2648 2045 2714 etiam
2083 2647 2255 2732 quod
2293 2646 2549 2729 silebat,

199 2737 593 2802 avunculum
631 2760 770 2804 esse
809 2736 1029 2805 Seiani
1070 2739 1376 2803 Blaesum
1414 2741 1608 2822 atque
1645 2758 1721 2802 eo
1757 2737 2219 2821 praevalidum.
2282 2756 2546 2820 respon·

201 2823 301 2888 dit
347 2824 624 2892 Blaesus
671 2828 885 2912 specie
930 2827 1320 2908 recusantis,
1365 2825 1481 2891 sed
1523 2847 1733 2912 neque
1781 2826 2003 2891 eadem
2051 2825 2550 2908 adseveratione,

207 2917 275 2978 et
322 2933 645 2980 consensu
689 2916 1096 2983 adulantium
1140 2915 1318 2981 haud
1362 2914 1536 2979 iutus
1583 2918 1704 2979 est:

276 3128 362 3177 11.
400 3128 463 3178 at
498 3123 851 3194 bezeichnet,
891 3125 997 3181 wie
1035 3125 1128 3180 bei
1162 3127 1322 3181 Klas-

199 3193 412 3262 sikern,
441 3194 552 3250 den
571 3196 869 3265 fingierten
889 3196 1158 3265 Einwurf,
1180 3196 1325 3252 auch

199 3271 289 3332 11,
319 3270 407 3321 24.
451 3270 536 3332 14,
564 3272 652 3321 44.
691 3267 870 3323 Daffir
896 3273 958 3323 at
984 3270 1129 3323 enim
1155 3274 1207 3336 4,
1235 3273 1321 3323 40.

199 3341 286 3404 12,
319 3343 368 3392 6.
437 3336 544 3392 Die
572 3337 980 3409 Widerlegung
1020 3339 1081 3394 in
1115 3340 1323 3409 Frage-

195 3407 345 3463 form
384 3408 490 3461 hat
529 3406 721 3463 Cicero
758 3409 858 3465 oft.

269 3482 356 3533 20.
387 3481 668 3534 consortia
683 3479 758 3534 ist
776 3478 862 3536 als
883 3479 1078 3535 Plural
1094 3476 1195 3535 ἅπ.
1220 3477 1321 3548 elo.

269 3554 356 3605 25.
412 3547 529 3605 Das
577 3550 1046 3620 restringierende
1092 3556 1181 3617 ut,
1235 3550 1324 3605 bei

198 3618 400 3675 Cicero
427 3620 638 3691 haufig,
671 3619 766 3676 bei
796 3622 1005 3677 Sueten
1033 3627 1098 3677 ut
1124 3628 1323 3691 tamen,

195 3692 300 3746 hat
337 3690 571 3747 Tacitus
610 3710 718 3746 nur
753 3692 894 3748 hier.

268 3767 354 3818 28.
423 3760 587 3818 Nach
642 3762 875 3832 Illyrien
938 3779 1056 3817 war
1112 3763 1325 3817 Drusus

192 3834 317 3889 drei
362 3832 484 3889 Mal
533 3835 801 3904 gesandt,
850 3834 911 3889 in
957 3834 1068 3888 den
1112 3834 1325 3888 Jahten

196 3910 283 3971 14,
324 3909 394 3959 17
430 3906 546 3959 und
585 3910 670 3962 20.

271 3980 358 4032 30.
397 3980 491 4032 tot.
531 3974 608 4030 Er
641 3977 803 4031 hatte
824 3993 929 4031 nur
947 3974 1069 4029 drei
1085 3973 1320 4030 Kinder=

193 4045 485 4114 Tiberius,
550 4044 920 4102 Germanicus
975 4046 1090 4101 und
1144 4043 1322 4113 Julia,

190 4116 328 4172 aber
372 4118 434 4172 in
480 4118 830 4173 vornehmen
876 4117 1153 4173 Familien
1203 4132 1325 4171 war

188 4186 313 4244 dies
373 4187 609 4257 selten‚*
649 4189 724 4243 da
788 4186 880 4244 die
935 4186 1326 4258 Ehelosigkeit

188 4257 606 4315 vorherrschte.

1431 3194 1607 3250 Ende.
1655 3225 1724 3236 —
1773 3196 1985 3264 oblique
2029 3193 2089 3249 in
2126 3194 2337 3250 diesem
2374 3193 2545 3249 Sinne

1431 3265 1592 3321 nicht
1626 3282 1727 3321 vor
1765 3265 2011 3320 Tacitus.

1504 3341 1554 3391 2.
1610 3342 1808 3391 cvmcta
1855 3352 2142 3401 curarum,
2192 3335 2299 3391 wie
2354 3341 2436 3402 14,
2477 3340 2545 3391 60

1431 3412 1631 3462 cuncta
1674 3408 1948 3463 scelerum.
1999 3407 2129 3461 hist.
2160 3411 2211 3474 5,
2245 3411 2310 3460 10
2347 3412 2546 3462 cuncta

1429 3494 1762 3547 camporum.
1800 3475 2261 3543 Nachklassisch3
2291 3477 2405 3547 vgl.
2421 3477 2543 3535 Liv.

1431 3553 1518 3616 31,
1557 3552 1626 3603 46
1662 3549 2026 3604 Macedonum
2060 3549 2173 3615 fere
2207 3549 2473 3605 omnibus.

1504 3625 1552 3675 3.
1619 3620 1855 3674 Blaesus
1920 3636 2036 3674 war
2088 3618 2280 3674 fn’iher
2335 3618 2545 3676 Consul

1432 3689 1697 3744 suffectus
1715 3732 1729 3758 ,
1784 3689 2099 3745 Prokonsul
2153 3707 2265 3745 von
2315 3690 2545 3747 Sicilien

1430 3761 1547 3815 und
1592 3761 1670 3816 im
1704 3762 1754 3816 J.
1797 3767 1863 3816 14
1897 3760 2079 3832 Legat
2123 3761 2183 3816 in
2219 3760 2545 3818 Pannonien

1430 3847 1845 3985 Βθῖθὲθέἆηαε,
1871 3901 2276 3987 Befehlshaber
2296 3903 2394 3960 der
2411 3903 2542 3959 Pra-

1428 3975 1692 4041 tonaner,
1729 3974 1887 4029 hatte
1924 3973 2100 4028 sehon
2136 3978 2245 4030 seit
2281 3975 2408 4030 dem
2437 3976 2541 4030 Re-

1470 4044 1901 4170 ieruntgsantritt
1930 4046 2029 4100 des
2057 4043 2281 4100 Kaisers
2317 4045 2545 4129 grosseti

1667 4158 1678 4171 .
1718 4116 1947 4171 Tacitus
1970 4115 2427 4172 charakterisiert
2443 4116 2543 4171 ihn

1718 3140 1822 3194 per
1840 3124 2064 3179 litteras.
2105 3123 2234 3191 Vgl.
2254 3139 2338 3193 cp.
2361 3129 2430 3178 32
2452 3139 2544 3177 am

1477 4113 1614 4170 influ

1429 4192 1491 4254 4,
1531 4192 1578 4240 1.

1504 4261 1553 4312 9.
1610 4258 1786 4324 intus,
1840 4274 1946 4310 nur
1996 4255 2144 4311 noch
2202 4262 2294 4324 14,
2341 4263 2376 4312 4
2430 4258 2546 4312 und
