2867 4625
879 90 1097 147 LIBER
1132 90 1280 146 XIV.
1341 89 1498 146 CAP.
1539 96 1768 146 31—34.

2419 87 2542 152 147

172 257 422 342 biguus
462 276 546 319 an
582 254 764 318 illam
799 254 1018 319 sedem
1045 252 1218 319 bello
1247 254 1580 339 deligeret,
1617 254 2087 337 circumspecta
2112 253 2548 337 infrequentia

173 344 428 428 militie,
476 342 766 426 satisque
812 342 1072 428 magm’s
1119 342 1524 407 documentis
1569 342 2006 407 temeritatem
2042 341 2261 407 Petilii
2307 343 2543 407 coerci-
2582 359 2625 409 ει

172 438 335 516 tam,
382 432 577 496 unius
624 432 846 516 oppidi
892 431 1133 496 damno
1181 453 1437 496 servare
1482 433 1785 496 universa
1823 431 2072 495 statuit.
2146 452 2354 516 neque
2388 431 2546 495 fietu

170 528 241 587 et
296 521 591 587 lacrimis
652 520 966 584 auxilium
1013 521 1149 585 eius
1197 520 1528 584 orantium
1571 520 1774 585 flexus
1820 522 1924 584 est
1967 520 2126 606 quin
2171 519 2356 584 daret
2399 541 2548 604 pro-

171 610 484 676 fectionis
546 609 806 693 signum
861 612 927 672 et
981 608 1370 674 comitantes
1426 608 1498 672 in
1552 612 1805 692 partem
1861 608 2142 693 agminis
2202 609 2548 693 acciperet:

172 701 229 765 si
300 719 470 783 quos
533 697 792 762 inbellis
848 717 1038 762 sexus
1094 702 1209 762 aut
1261 697 1439 762 fessa
1493 697 1675 762 aetas
1730 697 1836 761 vel
1887 697 2016 762 loci
2069 697 2341 763 dulcedo
2397 698 2550 762 atti-

168 790 434 869 nuerat,
482 787 563 851 ab
609 785 800 851 hoste
848 787 1141 870 oppressi
1187 790 1358 851 sunt.
1430 787 1657 851 eadem
1698 784 1913 850 clades
1951 785 2303 871 municipio
2341 785 2547 851 Veru-
2589 804 2660 854 10

171 876 385 942 lamio
429 875 562 939 fuit
573 925 591 959 ,
642 875 798 960 quia
840 875 1104 940 barbari
1150 875 1412 940 omissis
1461 875 1745 940 castellis
1790 875 2261 959 praesidiisque
2308 875 2547 940 milita-

170 967 372 1048 rium,
410 963 583 1048 quod
617 963 1020 1036 uberrimum
1057 964 1367 1047 spolianfi
1404 968 1472 1029 et
1508 963 2004 1035 defendentibus
2040 964 2347 1047 intutum,
2391 963 2549 1028 laeti

170 1053 424 1139 praeda
481 1056 549 1117 et
592 1052 893 1117 laborum
941 1072 1175 1137 segnes
1219 1054 1549 1137 petebant.
1642 1052 1725 1116 ad
1771 1053 2186 1137 septuaginta
2232 1053 2416 1117 milia
2464 1052 2551 1117 ci-

170 1144 359 1208 vium
415 1143 483 1205 et
540 1141 865 1206 sociorum
918 1141 1002 1205 iis
1058 1162 1223 1226 quae
1279 1141 1637 1207 memoravi
1680 1141 1843 1206 locis
1888 1141 2192 1205 cecidisse
2239 1141 2552 1206 constitit.

170 1253 397 1316 neque
445 1229 622 1294 enim
667 1250 897 1314 capere
944 1232 1062 1294 aut
1106 1230 1474 1296 venundare
1520 1230 1775 1295 aliudve
1821 1230 1993 1316 quod
2037 1229 2194 1293 belli
2239 1250 2547 1295 commer-
2588 1245 2656 1296 15

169 1321 386 1402 cium,
452 1317 566 1384 sed
632 1318 860 1383 caedes
921 1318 1218 1402 patibula
1281 1320 1467 1404 ignes
1533 1340 1779 1400 cruces,
1842 1322 2178 1402 tamquam
2239 1318 2552 1383 reddituri

171 1407 574 1493 supplicium
623 1429 700 1472 ac
745 1410 1091 1492 praerepta
1133 1406 1398 1471 interim
1443 1407 1720 1491 ultione,
1766 1406 2185 1472 festinabant.

361 1496 507 1562 Iam
554 1494 865 1561 Suetonio
921 1499 1153 1579 quarta
1208 1496 1476 1561 decuma
1524 1496 1699 1581 legio
1746 1517 1895 1560 cum
1939 1495 2291 1561 vexillariis
2337 1495 2549 1561 vicen·
2572 1499 2662 1564 34

172 1585 455 1652 simanis
517 1587 584 1649 et
641 1605 676 1648 e
731 1584 1048 1668 proximis
1105 1584 1477 1669 auxiliares,
1534 1585 1755 1649 decem
1800 1584 2002 1650 ferme
2048 1585 2230 1650 milia
2275 1588 2555 1649 armato—

172 1697 333 1741 rum
382 1676 586 1757 erant,
634 1694 781 1737 cum
825 1672 1128 1737 omittere
1175 1674 1659 1738 cunctationem
1706 1678 1773 1738 et
1819 1673 2129 1758 congredi
2172 1674 2307 1739 acie
2345 1676 2556 1757 parat.

175 1762 544 1848 deligitque
591 1762 807 1826 locum
856 1761 1015 1827 artis
1060 1761 1364 1830 faucibus
1412 1767 1481 1827 et
1528 1784 1567 1826 a
1607 1765 1793 1847 tergo
1833 1762 2003 1827 silva
2038 1764 2349 1847 clausum,
2395 1763 2554 1827 satis

176 1851 453 1936 cognito
499 1849 671 1915 nihil
715 1849 1007 1915 hostium
1052 1850 1181 1915 nisi
1223 1850 1294 1914 in
1328 1850 1546 1915 fronte
1582 1854 1649 1916 et
1686 1854 1980 1935 apertam
2017 1852 2358 1935 planitiem
2396 1873 2554 1936 esse,
2593 1870 2624 1919 5

177 1941 326 2006 sine
388 1942 568 2003 metu
631 1938 1037 2003 insidiarum.
1127 1939 1332 2023 igitur
1383 1938 1782 2024 legionarius
1837 1939 2141 2024 frequens
2199 1940 2556 2025 ordinibus,

176 2027 354 2094 levis
403 2028 643 2093 circum
684 2030 1032 2112 armatura,
1079 2027 1512 2113 conglobatus
1549 2049 1668 2111 pro
1706 2029 2009 2092 cornibus
2049 2050 2244 2114 eques
2284 2028 2555 2094 adstitit.

179 2122 257 2185 at
294 2116 761 2181 Britannorum
812 2115 1036 2199 copiae
1082 2117 1331 2200 passim
1376 2138 1494 2200 per
1538 2120 1831 2182 catervas
1879 2119 1946 2181 et
1980 2120 2232 2182 turmas
2272 2118 2555 2182 exsulta-

178 2352 214 2400 2
278 2345 594 2414 frequentia
637 2346 1038 2415 neqotiatorum
1082 2349 1134 2398 et
1179 2360 1315 2399 com-

179 2420 487 2470 meatuum.

257 2493 312 2539 4.
351 2487 437 2539 cir
654 2490 743 2540 cta
779 2487 1128 2555 „erwogen“.

259 2561 311 2611 5.
372 2558 657 2638 coercitam
703 2557 823 2610 scil.
873 2573 982 2611 esse
1026 2556 1209 2626 hangt
1245 2557 1319 2611 ab

177 2632 1171 2779 {gfflzffnatzssmfflff
1198 2632 1319 2683 ⁸¹¹*

261 2776 311 2824 6.
367 2770 504 2837 fletu
539 2773 589 2823 et
624 2770 897 2834 lacrimis,
943 2785 1036 2823 em
1071 2767 1320 2824 Hendia·

180 2841 320 2908 dys,
370 2839 613 2894 welches
660 2841 808 2894 auch
842 2840 937 2894 bei
973 2839 1168 2894 Cicero
1204 2840 1320 2894 und

181 2910 337 2966 Ovid
375 2910 713 2966 vorkommt.

262 2988 312 3037 7.
351 2982 508 3050 quin.
545 2981 667 3036 Liv.
704 2986 755 3047 5,
794 2986 863 3035 42
889 2981 1037 3036 mm
1064 3011 1131 3021 —
1160 2983 1319 3050 flace-

179 3058 326 3109 runt
364 3052 580 3107 animos
615 3054 766 3121 quin.

263 3129 351 3179 10.
394 3123 801 3190 Verulamium,
836 3121 1184 3191 Hauptstadt
1219 3122 1320 3177 der

182 3193 637 3262 Cattavellauni,
709 3193 969 3248 nordlich
1039 3210 1152 3248 von
1219 3193 1320 3248 der

181 3266 482 3321 mittleren
527 3264 766 3320 Themse
820 3265 881 3319 in
930 3264 1030 3318 der
1069 3264 1320 3334 J‘etzigen

182 3336 520 3463 {fflfwhast
568 3335 837 3391 Hertford
893 3335 1040 3390 nahe
1094 3333 1188 3389 bei
1235 3334 1317 3390 St.

302 3424 423 3463 ans.

262 3485 350 3534 11.
407 3478 674 3533 militares
729 3477 874 3533 statt
927 3478 1128 3531 milites
1173 3476 1320 3532 auch

184 3557 242 3617 3,
302 3555 353 3604 1.
446 3548 568 3603 Scit
622 3547 846 3603 Curtius
899 3547 980 3601 im
1038 3548 1322 3602 silbernen

181 3620 408 3676 Latein.
485 3620 538 3674 S.
576 3618 720 3675 Einl.
761 3624 809 3684 ἓ.
848 3623 898 3674 5.

264 3697 350 3748 12.
388 3692 625 3756 intutu-¹3,
661 3692 777 3745 erst
813 3690 924 3745 seit
954 3689 1170 3744 Sallust
1203 3688 1322 3743 und

184 3763 400 3831 Livius,
438 3762 595 3817 steht
629 3761 775 3816 auch
813 3766 864 3829 1,
898 3766 985 3816 38.
1025 3765 1077 3829 2,
1105 3765 1176 3813 42
1203 3761 1319 3814 und

187 3835 354 3890 oster.

265 3911 351 3960 13.
387 3905 570 3976 scynis
607 3904 712 3959 mit
748 3904 879 3960 dem
908 3901 1144 3958 Genetiv
1173 3903 1320 3957 auch

191 3983 280 4046 16,
326 3982 399 4031 ·14
447 3976 820 4044 occasionem,
875 3975 1032 4029 sonst
1073 3990 1180 4027 nur
1225 3973 1319 4027 bei

106 4073 123 4082 ·
189 4047 484 4103 Claudian.

265 4124 352 4173 14.
398 4119 699 4185 sociorum,
744 4117 907 4172 nicht
951 4131 1053 4170 aus
1098 4116 1319 4170 Britan-

189 4189 351 4272 nien,
419 4190 661 4245 sondern
727 4206 826 4244 aus
886 4188 1131 4243 anderen
1184 4187 1319 4241 Pro-

191 4278 407 4318 vmzen.

1504 2351 1586 2400 15.
1643 2344 1748 2399 Die
1799 2344 2039 2415 Objekte
2086 2360 2277 2413 capere
2325 2350 2427 2400 aut
2471 2363 2556 2401 ve-

1424 2418 1685 2471 nundare
1729 2416 1848 2470 und
1893 2417 2266 2471 commercium
2303 2416 2429 2471 sind
2466 2436 2557 2471 zu-

1425 2487 1582 2557 folge
1611 2487 1765 2542 eines
1793 2487 2065 2557 Zeugmas
2094 2488 2239 2541 auch
2266 2504 2379 2542 von
2403 2488 2557 2555 festi·

1424 2559 1643 2613 nubant
1680 2557 1970 2628 abhangig
1983 2602 1997 2627 ,
2032 2574 2254 2612 woraus
2291 2558 2383 2613 ein
2419 2558 2558 2614 Ver-

1427 2630 1564 2684 bum
1600 2628 1929 2697 „betreiben
1943 2670 1957 2695 ,
1996 2629 2118 2683 sich
2151 2628 2556 2685 beln’immern‘⁴

1427 2717 1498 2753 zu
1535 2700 1876 2754 entnehmffli
1910 2700 2002 2756 ist.
2506 2722 2512 2726 ·

1504 2776 1589 2825 16.
1644 2776 1927 2840 tamquam
1964 2773 2060 2827 ctt.
2096 2770 2394 2842 bedentet,
2432 2771 2536 2826 das

1429 2842 1512 2895 sie
1547 2841 1809 2896 wirklich
1843 2841 1937 2896 die
1972 2828 2385 2913 Uberzeugung
2418 2842 2555 2913 heg-

1425 2914 1555 2981 ten,
1610 2912 1702 2967 die
1758 2912 1967 2967 Romer
2019 2913 2251 2968 wurdeu
2305 2912 2425 2968 sich
2482 2930 2557 2967 an

1427 2983 1603 3037 ihnen
1636 2982 1862 3038 rachen.
1892 3014 1960 3023 —-
1988 2985 2212 3040 reddere
2247 2986 2389 3040 statt
2421 2986 2557 3041 dare

1430 3053 1566 3123 (vgl.
1622 3069 1831 3123 poenas
1883 3055 2039 3124 dare)
2088 3054 2417 3110 bezeichnet
2462 3054 2555 3111 die

1425 3124 1996 3195 Wiedervergeltung
2002 3126 2083 3180 im
2091 3125 2355 3196 passiven
2368 3126 2553 3184 Sinne.

1498 3264 1596 3323 84.
1655 3272 1705 3321 3.
1754 3267 2012 3336 conyredi
2064 3268 2182 3322 acie
2233 3268 2313 3322 ist
2357 3269 2555 3338 selten,

1426 3336 1575 3391 doch
1614 3337 1762 3391 auch
1788 3338 1910 3393 Liv.
1943 3344 1992 3405 7,
2020 3343 2089 3391 22
2127 3355 2402 3409 nusquam
2438 3342 2555 3394 acie

1426 3423 1710 3476 conyresso
1745 3409 1906 3464 hoste.
1964 3406 2171 3464 Caesar
2208 3412 2338 3479 sagt
2364 3410 2556 3474 daffin,

1427 3479 1626 3545 armis,
1654 3479 1869 3547 proelio
1905 3481 2175 3548 conyredi.
2549 3481 2554 3491 ’

1503 3554 1553 3604 5.
1591 3550 1825 3618 coquito,
1860 3549 2033 3604 echon
2068 3550 2163 3605 bei
2191 3550 2383 3606 Livius
2410 3550 2555 3606 vier-

1428 3619 1572 3687 mal,
1619 3619 1723 3674 hat
1758 3619 1890 3675 Tac.
1935 3638 2044 3674 nur
2078 3621 2205 3676 hier
2238 3622 2355 3676 und
2395 3628 2444 3688 1,
2482 3628 2552 3678 46

1427 3691 1673 3745 nondum
1707 3692 1936 3760 coquito
1980 3692 2078 3760 qui
2120 3693 2316 3759 fuisset
2333 3745 2337 3750 ,
2354 3694 2551 3747 exitus.

1427 3761 1697 3830 Haufiger
1729 3761 1810 3816 ist
1844 3778 1904 3817 es
1935 3762 2030 3816 bei
2055 3762 2244 3817 Justin
2270 3762 2386 3817 und
2413 3761 2555 3832 Spa-

1426 3835 1606 3958 tezen.
1616 3904 1824 3958 circum
1888 3920 1998 3972 „an
2059 3903 2267 3958 beiden
2322 3902 2550 3959 Seiten“

1427 3974 1534 4029 wie
1583 3980 1631 4057 7,
1684 3979 1753 4028 ‘14
1800 3990 1960 4028 aram
2005 3976 2295 4058 amicitiae·
2324 3975 2551 4058 effiyies·

1424 4043 2553 4186 sfflmfflm

1500 4187 1957 4314 sf'wffaelss'ztabant
1994 4230 2143 4312 effla
2180 4260 2322 4315 stau
2355 4261 2551 4338 volita-

2018 4346 2125 4401 10*
