2867 4625
327 91 459 156 124
972 88 1318 145 CORNELII
1354 87 1599 143 TACITI
1635 87 2029 142 ANNALIUM

325 254 498 339 quod
546 254 603 319 si
646 275 882 317 nurum
918 249 1286 338 Agrippina
1329 273 1466 318 non
1511 251 1641 317 nisi
1685 251 1822 316 filio
1869 250 2179 315 infestam
2226 249 2389 314 ferre
2434 256 2663 335 posset,

324 343 701 408 redderetur
736 342 885 425 ipsa
922 340 1198 406 Othonis
1237 341 1570 428 coniugio:
1615 340 1859 407 ituram
1895 361 2155 426 quoquo
2193 342 2532 422 terrarum,
2566 340 2661 404 ubi

325 431 575 496 audiret
629 432 846 516 potius
904 428 1329 496 contumelias
1386 430 1801 513 imperatoris
1859 451 2051 513 quam
2098 429 2333 494 viseret
2361 429 2663 512 *periculis

324 522 462 585 eius
518 521 812 586 inmixta.
899 520 1062 585 haec
1118 523 1314 605 atque
1358 520 1522 583 talia
1566 518 1850 584 lacrimis
1899 522 1965 582 et
2012 519 2151 582 arte
2199 516 2529 582 adulterae
2570 539 2663 600 pe·

220 627 285 675 15
322 610 652 675 netrantia
697 629 887 674 nemo
932 607 1339 693 prohibebat,
1391 608 1798 691 cupientibus
1846 607 2095 671 cun'ctis
2140 605 2408 690 infringi
2455 608 2659 688 poten·

321 698 486 763 tiam
535 698 769 762 matris
816 700 882 763 et
928 697 1228 763 credente
1273 696 1460 761 nullo
1507 717 1709 780 usque
1757 697 1838 761 ad
1884 695 2145 760 caedem
2192 694 2329 759 eius
2374 693 2664 758 duratura

322 787 445 851 filii
494 787 658 853 odia.

261 878 303 942 2
502 874 730 940 Tradit
767 872 1033 940 Cluvius
1082 874 1312 939 ardore
1346 873 1727 939 retinendae
1763 871 2198 957 Agrippinam
2234 871 2567 955 potentiae
2600 893 2662 936 eo

321 986 528 1049 usque
583 965 986 1048 provectam,
1038 967 1112 1027 ut
1166 962 1378 1027 medio
1437 961 1592 1046 d1e1,
1646 982 1792 1045 cum
1847 961 1914 1025 id
1968 962 2281 1045 temporis
2333 959 2515 1026 Nero
2565 983 2663 1044 per

323 1052 547 1119 vinum
575 1056 641 1117 et
667 1052 892 1137 epulas
920 1051 1360 1134 incalesceret,
1398 1050 1659 1115 offerret
1686 1071 1756 1114 se
1786 1050 2040 1134 saepius
2077 1046 2435 1115 temulento
2472 1070 2663 1133 comp-

322 1145 458 1207 tam
513 1144 579 1206 et
621 1141 872 1205 incesto
917 1142 1232 1224 paratam.
1302 1139 1564 1224 iamque
1610 1139 1854 1204 lasciva
1901 1139 2122 1205 oscula
2160 1141 2226 1203 et
2261 1138 2660 1223 praenuntias

253 1250 284 1299 5
324 1230 560 1316 flagitii
605 1228 962 1294 blanditias
1011 1228 1478 1294 adnotantibus
1523 1227 1857 1311 proximis,
1914 1226 2222 1293 Senecam
2268 1231 2504 1293 contra
2545 1249 2664 1291 mu·

321 1319 558 1384 liebres
606 1317 965 1383 inlecebras
1014 1317 1375 1382 subsidium
1433 1339 1473 1380 a
1528 1316 1775 1382 femina
1827 1316 2160 1401 petivisse,
2214 1316 2661 1401 inmissamque

317 1409 529 1489 Acten
585 1407 918 1489 libertam,
976 1427 1139 1491 quae
1197 1405 1392 1471 simul
1448 1427 1565 1470 suo
1620 1405 1907 1489 periculo
1963 1409 2029 1470 et
2078 1405 2353 1470 infamia
2395 1403 2658 1470 Neronis

318 1496 512 1560 anxia
557 1495 834 1560 deferret
877 1495 1333 1579 pervulgatum
1381 1515 1524 1560 esse
1564 1494 1885 1559 incestum
1922 1494 2249 1578 gloriante
2286 1498 2516 1577 matre,
2557 1515 2656 1558 nec

317 1586 707 1649 toleraturos
754 1583 995 1649 milites
1041 1584 1305 1667 profani
1349 1583 1664 1667 principis
1712 1583 2073 1667 imperium.
2166 1581 2413 1648 Fabius
2461 1582 2656 1648 Rusti-

215 1694 281 1743 10
319 1695 431 1739 cus
477 1695 613 1739 non
652 1671 1056 1757 Agrippinae
1104 1672 1218 1738 sed
1253 1671 1502 1739 Neroni
1550 1672 1841 1757 cupitum
1885 1670 1954 1735 id
2001 1675 2319 1738 memorat
2366 1672 2662 1737 eiusdem-

320 1782 443 1845 que
499 1761 773 1826 libertae
829 1763 976 1825 astu
1033 1761 1390 1827 disiectum.
1483 1761 1597 1826 sed
1653 1782 1815 1846 quae
1863 1759 2159 1844 Cluvius,
2215 1760 2444 1826 eadem
2491 1760 2659 1825 ceteri

322 1871 576 1935 quoque
625 1852 920 1914 auctores
967 1850 1323 1935 prodidere,
1375 1838 1442 1915 et
1484 1850 1666 1915 fama
1708 1850 1835 1915 huc
1881 1849 2174 1934 inclinat,
2221 1870 2340 1915 seu
2386 1847 2660 1932 concepit

321 1939 542 2003 animo
607 1941 863 2003 tantum
930 1939 1338 2004 inmanitatis
1398 1939 1794 2024 Agrippina,
1858 1960 1973 2003 scu
2042 1938 2411 2004 credibilior
2473 1957 2656 2003 novae

319 2026 613 2092 libidinis
660 2026 1000 2093 meditatio
1044 2029 1116 2092 in
1161 2050 1239 2093 ea
1283 2029 1426 2093 visa
1470 2032 1596 2112 est,
1650 2048 1814 2112 quae
1858 2027 2256 2111 puellaribus
2306 2028 2498 2092 annis
2543 2029 2655 2090 stu·

218 2137 283 2186 15
320 2138 511 2200 prum
565 2137 711 2181 cum
759 2115 1001 2201 Lepido
1059 2139 1173 2202 spe
1230 2116 1694 2182 dominationis
1755 2115 2134 2200 admiserat,
2189 2117 2333 2200 pari
2385 2114 2654 2200 cupidine

322 2226 528 2289 usque
576 2205 658 2270 ad
703 2204 891 2269 libita
931 2205 1251 2271 Pallantis
1297 2206 1650 2318 provoluta
1698 2207 1762 2270 et
1808 2205 2087 2269 exercita
2132 2204 2215 2269 ad
2262 2227 2456 2271 omne
2499 2203 2655 2287 flagi-

323 2293 489 2359 tium
534 2293 752 2378 patrui
797 2294 1063 2379 nuptiiS.

398 2492 482 2540 11.
475 2560 516 2612 t·
520 2486 793 2553 infestam.
841 2486 945 2542 Die
978 2486 1214 2543 Octavia
1254 2487 1329 2542 ist
1355 2504 1454 2558 ge·

324 2557 472 2611 mein

399 2633 481 2683 12.
537 2644 750 2698 quoquo
804 2632 1105 2697 terrarum,
1158 2628 1266 2685 wie
1324 2630 1451 2685 Ter.

324 2699 548 2755 Phorm.
587 2706 639 2769 3,
669 2707 718 2767 6,
750 2705 819 2755 18
856 2715 1070 2769 quoquo
1104 2702 1236 2756 hinc
1263 2717 1452 2770 aepor-

324 2771 537 2825 tabitur
590 2775 891 2837 terrarum,
945 2777 1151 2827 certum
1203 2776 1281 2827 est
1327 2789 1453 2841 per·

323 2842 490 2910 sequi.
563 2841 746 2896 Plaut.
788 2858 954 2896 merc.
995 2848 1099 2898 85⁷
1143 2848 1290 2899 cerm
1325 2848 1451 2910 rest,

324 2928 406 2965 me
441 2927 609 2980 usque
645 2929 899 2981 quaerere
931 2914 1106 2981 illam,
1177 2930 1356 2983 uoquo
1383 2931 1450 2969 ea

326 2983 457 3038 hinc
491 2984 782 3038 abductast
815 2985 1073 3053 qentium.
1182 2988 1312 3040 onst
1346 3002 1449 3039 un-

328 3052 748 3137 gebrauchlich.

399 3129 482 3179 14.
522 3124 764 3179 inmixta
789 3125 850 3177 in
888 3125 1232 3193 tropischem
1261 3124 1449 3194 Sinne,

324 3193 433 3248 wie
469 3193 600 3249 hist
641 3200 690 3262 4,
722 3199 789 3249 85
826 3211 924 3248 ‘nec
951 3197 1152 3262 parvis
1180 3196 1450 3263 periculis

323 3266 610 3319 inmixta-9.
678 3238 994 3318 Ahnliches
1040 3265 1132 3320 bei
1177 3265 1451 3321 Dichtern

324 3335 439 3389 und
476 3335 599 3391 Liv.
639 3340 736 3405 26,
775 3340 841 3389 37
889 3336 1067 3391 variis
1108 3337 1327 3393 casibus
1361 3339 1449 3392 iu-

324 3407 504 3464 mixti.

401 3483 483 3532 16.
532 3483 584 3532 et
631 3508 696 3518 -
743 3478 913 3533 nullo.
989 3477 1117 3548 Vgl.
1163 3485 1256 3548 13,
1294 3484 1364 3533 4⁷
1401 3485 1453 3535 et

324 3548 540 3603 nullius
567 3550 695 3603 ausi
721 3565 919 3618 capax.
958 3554 1008 3616 2,
1039 3554 1124 3604 25.
1159 3557 1209 3617 6,
1237 3556 1307 3606 46
1334 3551 1452 3605 und

326 3619 500 3674 sehon
550 3618 612 3673 in
659 3619 768 3674 den
811 3619 1104 3676 kleineren
1150 3620 1448 3676 Schristen.

325 3722 394 3732 -—-
432 3692 638 3747 dwrare
681 3690 1018 3758 intransitiv,
1064 3690 1172 3747 wie
1223 3698 1250 3746 1
1265 3733 1280 3761 ‚
1309 3698 1341 3747 6
1386 3693 1453 3747 in

327 3763 541 3817 nullius
579 3778 837 3832 umquam
872 3777 1099 3818 suorum
1133 3779 1313 3817 necem
1348 3765 1450 3819 du-

327 3834 489 3890 ravit.
559 3833 631 3887 So
669 3834 783 3887 erst
807 3832 889 3886 im
918 3832 1203 3888 silbernen
1227 3833 1445 3889 Latein.

397 3903 565 3960 2.1.
713 3920 774 3959 ει·
827 3902 1055 3959 Cluvius
1099 3904 1277 3958 Rufus
1331 3906 1449 3959 und

327 3974 435 4029 den
471 3975 720 4030 nachher
756 3974 1081 4030 erwahnten
1106 3975 1312 4030 Fabius
1337 3976 1451 4030 Ru·

326 4044 497 4099 sticus
526 4062 567 4099 s.
596 4064 664 4100 zu
698 4052 781 4116 13,
810 4052 894 4102 20.
940 4076 1005 4086 -
1042 4044 1147 4101 Die
1191 4045 1452 4116 Stellung

326 4115 642 4171 retinendae
677 4117 815 4187 Aqr.
851 4117 1135 4187 potentiae
1176 4115 1312 4172 fallt
1357 4066 1452 4172 begi

327 4184 457 4239 Tac
518 4186 637 4254 auf,
693 4188 838 4243 doch
892 4189 1007 4260 vgl.
1058 4194 1115 4257 1,
1160 4194 1228 4243 67
1283 4189 1452 4244 donec

329 4258 690 4323 expuynandi
733 4260 904 4316 hostes
948 4276 1043 4329 spe
1081 4260 1319 4329 propius
1359 4276 1450 4316 ac-

1562 2487 1818 2543 cederent.
1875 2493 1923 2556 1,
1954 2491 2038 2542 28.
2076 2492 2164 2554 39.
2192 2492 2278 2542 40.
2311 2493 2399 2554 13,
2428 2492 2510 2541 54.
2543 2485 2651 2554 Agr.

1560 2562 1630 2612 45
1676 2573 1806 2613 mox
1849 2562 2071 2613 nostrae
2114 2558 2317 2613 duxere
2361 2556 2653 2613 Helvidium

1559 2630 1625 2683 in
1651 2644 1917 2685 carcerem
1941 2645 2155 2684 manus.
2203 2628 2305 2683 Bei
2333 2628 2447 2683 den
2470 2626 2652 2682 Frfihe-

1559 2716 1659 2755 ren
1685 2698 1830 2755 wird
1855 2699 1971 2754 viel
1998 2699 2252 2771 haufiger
2279 2700 2381 2754 das
2411 2699 2650 2755 Substan-

1559 2771 1642 2826 tiv
1681 2788 1812 2827 vom
1848 2770 2106 2825 Attribut
2139 2773 2420 2840 getrennt.

1633 2848 1682 2896 2.
1729 2842 1905 2897 medio
1941 2842 2055 2897 diei
2092 2842 2197 2897 wie
2237 2844 2650 2910 11,21.12.69

1554 2913 1701 2967 nach
1750 2912 1964 2967 Sallust
2009 2912 2127 2966 und
2170 2912 2381 2969 Livius.
2422 2901 2647 2967 —Uber

1555 2984 1619 3039 id
1654 2984 1910 3052 temporis
1946 3000 1988 3036 s.
2029 3000 2095 3036 zu
2136 2989 2229 3049 12,
2266 2988 2315 3039 8.

1633 3060 1714 3109 11.
1762 3055 2048 3109 disiectum
2096 3054 2412 3123 „vereitelt,
2469 3052 2650 3108 hinter-

1555 3124 1830 3181 trieben‘fl
1916 3123 1990 3178 So
2037 3126 2224 3178 zuerst
2257 3125 2412 3196 Virg.
2449 3125 2574 3179 Aen.
2606 3126 2645 3188 ⁷,

1559 3201 1662 3250 839
1701 3196 1871 3250 disice
1907 3196 2245 3263 conpositam
2272 3212 2488 3264 pacem,
2521 3194 2645 3247 dann

1556 3266 1678 3321 Liv.
1718 3237 2643 3336 25,14,311αεοοοωί11ἀ-ᾱ1ἶ1·

1558 3338 1712 3405 iecit,
1747 3337 1864 3393 und
1898 3338 1979 3392 im
2017 3336 2300 3392 silbernen
2334 3336 2540 3392 Latein.

1633 3414 1717 3462 14.
1756 3409 2030 3477 puellaris
2058 3410 2172 3463 erst
2200 3407 2309 3463 seit
2338 3408 2494 3475 Ovid,
2524 3404 2644 3460 auch

1525 3465 1528 3466 ⁷
1558 3478 1653 3535 bei
1700 3479 1908 3534 beiden
1942 3479 2158 3534 Plinius
2194 3478 2312 3533 und
2350 3450 2637 3545 Quintilian

1633 3555 1716 3604 15.
1767 3550 2040 3621 Lepidus,
2087 3551 2187 3604 der
2235 3551 2355 3606 sich
2400 3550 2498 3605 mit
2526 3546 2641 3599 Len·

1560 3621 1714 3676 tulus
1755 3638 1962 3704 gegen
2026 3620 2287 3704 Caligula
2345 3619 2641 3682 verschwor,

1557 3692 1714 3747 ward
1750 3692 1831 3746 im
1866 3692 1917 3746 J.
1951 3697 2021 3747 40
2059 3692 2449 3761 hingerichtet.
2507 3655 2641 3743 Naoh'

1556 3761 1666 3818 Dio
1703 3780 1823 3817 war
1867 3779 1952 3831 er,
1998 3761 2260 3833 obgleich
2299 3759 2526 3819 Gemahl
2561 3757 2639 3811 der

1555 3833 1831 3902 Drusilla,
1883 3834 1981 3889 des
2015 3833 2345 3889 Ehebruchs
2381 3831 2526 3888 nicht
2555 3842 2638 3882 nur

1555 3904 1663 3959 mit
1735 3905 1904 3960 deren
1974 3904 2287 3961 Schwester
2348 3899 2634 3984 Αςιίρρ1118,

1558 3976 1800 4032 sondern
1864 3977 2012 4031 auch
2072 3975 2180 4031 mit
2238 3976 2393 4032 Julia
2448 3968 2634 4034 11111118,

1560 4047 1833 4103 ebenfalls
1871 4047 2027 4103 einer
2065 4047 2380 4103 Schwester
2403 4047 2493 4102 des
2518 4039 2633 4095 0811-

1558 4118 1718 4188 gula,
1776 4118 2038 4188 schuldig
1999 4136 2052 4188 g.
2145 4118 2398 4175 Letzterc
2447 4110 2633 4172 wurden

1558 4190 1703 4244 nach
1743 4190 1897 4245 einer
1931 4191 2085 4244 Insel
2119 4189 2441 4260 deportiert.
2564 4252 2575 4265 ⁸

1634 4265 1716 4315 16.
1779 4262 2075 4330 provoluta
2128 4261 2486 4332 „erniedrigt‚
2539 4250 2631 4310 sich
