2867 4625
199 436 286 501 32

201 1961 288 2027 33

306 92 393 158 62
940 90 1281 147 CORNELII
1319 89 1565 146 TACITI
1602 89 1994 146 ANNALIUM

308 257 502 323 sitam
547 278 686 321 rem
732 256 1124 338 Romanam,
1180 254 1316 320 suis
1369 254 1659 320 victoriis
1707 255 1930 340 augeri
1986 276 2124 318 rem
2170 252 2526 338 publicam,
2584 253 2659 316 in

308 368 494 411 suum
540 351 1042 432 cognomentum
1089 343 1362 408 adscisci
1406 344 1853 428 imperatores·
1985 405 1991 412 .

484 433 623 500 Nec
666 436 922 519 legatus
970 433 1231 498 obviam
1274 434 1443 517 ibat3
1501 433 1740 517 quippe
1785 434 2070 517 plurium
2114 429 2460 496 vaecordia
2502 450 2658 495 con-

307 525 621 590 stantiam
666 526 1008 589 exemerat.
1091 527 1355 607 repente
1392 522 1720 607 lymphati
1743 521 2085 587 destrictis
2121 519 2358 606 gladiis
2394 519 2468 583 in
2504 540 2659 584 cen·-

304 613 592 679 turiones
646 611 987 677 invadunt:
1053 632 1129 678 ea
1184 611 1623 676 vetustissima
1677 610 2072 676 militaribus
2129 608 2295 675 odiis
2351 609 2659 672 materies

307 705 374 767 et
397 701 746 767 saeviendi
790 700 1198 786 principium.
1288 703 1655 783 prostratos
1708 699 2084 766 verberibus
2132 699 2438 781 mulcant,
2476 718 2658 762 sexa-

251 811 285 861 5
308 790 457 877 geni
496 791 809 875 singulos,
856 792 929 854 ut
964 810 1300 854 numerum
1342 789 1794 854 centurionum
1831 789 2290 874 adaequarent,
2324 792 2469 851 tum
2505 808 2660 851 con·

305 881 524 946 vulsos
588 880 996 963 laniatosque
1062 882 1129 943 et
1188 879 1429 962 partim
1484 879 1816 944 exanimos
1886 881 2036 942 ante
2090 877 2336 941 vallum
2401 877 2518 939 aut
2584 875 2660 939 in

306 990 565 1034 amnem
609 968 909 1034 Rhenum
953 967 1298 1051 proiciunt.
1390 964 1740 1051 Septimius
1785 988 1931 1032 cum
1977 964 2371 1050 perfugisset
2414 964 2497 1028 ad
2543 964 2662 1027 tri-

303 1057 506 1124 bunal
560 1057 958 1142 pedibusque
1014 1055 1330 1122 Caecinae
1386 1056 1865 1140 advolveretur,
1921 1077 1998 1120 eo
2062 1075 2265 1138 usque
2317 1053 2658 1138 flagitatus

304 1151 426 1230 est,
472 1146 673 1213 donec
721 1146 804 1210 ad
849 1145 1121 1210 exitium
1166 1145 1525 1211 dederetur.
1608 1143 1874 1211 Cassius
1920 1143 2230 1226 Chaerea,
2275 1161 2427 1206 mox
2462 1141 2659 1206 caede

217 1240 284 1290 10
305 1234 430 1301 Gai
466 1234 767 1302 Caesaris
802 1235 1185 1299 memoriam
1223 1234 1393 1319 apud
1429 1238 1730 1318 posteros
1769 1234 2059 1318 adeptus,
2102 1236 2242 1296 tum
2280 1231 2660 1296 adulescens

304 1329 372 1389 et
426 1325 628 1389 animi
681 1323 890 1407 ferox,
942 1324 1116 1388 inter
1171 1323 1510 1388 obstantes
1566 1326 1632 1388 et
1685 1325 1984 1387 armatos*
2026 1322 2199 1386 ferro
2245 1322 2421 1385 viam
2475 1323 2662 1404 pate·

303 1413 479 1479 fecit.
535 1435 667 1480 non
697 1413 1000 1477 tribunus
1025 1412 1219 1496 ultra,
1248 1433 1382 1476 non
1411 1416 1772 1477 castrorum
1794 1411 2170 1496 praefectus
2204 1410 2305 1474 ius
2333 1408 2657 1474 obtinuit:

303 1502 596 1589 vigilias,
643 1502 979 1585 stationes,
1024 1505 1091 1566 et
1135 1501 1193 1566 si
1238 1523 1368 1586 qua
1414 1501 1545 1566 alia
1589 1522 1898 1586 praesens
1944 1522 2100 1564 usus
2145 1498 2486 1582 indixerat,
2528 1496 2661 1581 ipsi

303 1592 774 1676 partiebantur.
870 1591 938 1656 id
1001 1590 1320 1655 militares
1367 1591 1634 1655 animos.
1667 1589 1865 1655 altius
1916 1588 2430 1656 coniectantibus
2474 1608 2659 1671 prae-

223 1701 290 1751 15
309 1680 568 1764 cipuum
614 1679 922 1745 indicium
968 1680 1190 1765 magni
1237 1684 1430 1765 atque
1489 1678 1904 1763 inplacabilis
1950 1682 2188 1762 metue,
2232 1675 2404 1761 quod
2449 1696 2662 1760 neque

311 1769 564 1834 disiecti
600 1790 718 1833 nec
754 1789 1106 1853 paucorum
1142 1768 1477 1853 instinctu,
1513 1768 1624 1834 sed
1661 1768 1906 1853 pariter
1952 1768 2377 1848 ardescerent,
2412 1765 2663 1850 pariter

306 1859 589 1941 silerent,
631 1861 820 1923 tanta
865 1857 1265 1943 aequalitate
1310 1862 1380 1923 et
1426 1857 1814 1940 constantia,
1849 1861 1925 1921 ut
1968 1856 2109 1942 regi
2155 1854 2467 1920 crederes.

489 1947 751 2012 Interea
796 1946 1180 2011 Germanico
1237 1967 1354 2030 per
1409 1946 1686 2030 Galliae,
1738 1951 1814 2010 ut
1858 1945 2159 2026 diximus,
2217 1965 2446 2008 census
2491 1943 2659 2008 acci-

311 2036 519 2121 pienti
546 2035 894 2101 excessisse
921 2034 1293 2120 Augustum
1324 2034 1629 2100 adfertur.
1676 2038 1939 2119 neptem
1967 2035 2103 2099 eius
2123 2032 2558 2119 Agrippinam
2587 2032 2661 2095 in

306 2124 720 2190 matrimonio
767 2125 1111 2209 pluresque
1159 2146 1237 2190 ex
1285 2146 1362 2189 ea
1406 2125 1648 2190 liberos
1684 2123 1990 2208 habebat,
2025 2123 2163 2207 ipse
2202 2122 2417 2188 Druso
2453 2120 2661 2185 fratre

306 2213 550 2279 Tiberii
586 2213 865 2299 genitus,
900 2213 1241 2299 Augustae
1277 2234 1499 2298 nepoS,
1538 2213 1650 2278 sed
1688 2214 1919 2277 anxius
1949 2211 2217 2278 occultis
2244 2210 2312 2275 in
2342 2231 2411 2275 se
2437 2209 2661 2293 patrui

254 2332 288 2384 5
309 2302 618 2388 aviaeque
663 2302 856 2387 odiis,
902 2326 1174 2389 quorum
1220 2325 1452 2368 causae
1501 2303 1809 2388 acriores,
1856 2301 2010 2387 quia
2053 2301 2332 2385 iniquae.
2419 2300 2659 2384 quippe

307 2392 508 2458 Drusi
543 2414 785 2479 magna
820 2392 995 2477 apud
1028 2393 1341 2477 populum
1369 2391 1739 2458 Romanum
1773 2391 2106 2473 memoria,-
2133 2389 2662 2474 credebaturque,

306 2482 363 2547 si
407 2505 624 2547 rerum
660 2483 906 2566 potitus
943 2481 1133 2565 foret,
1169 2481 1544 2546 libertatem
1581 2481 1978 2565 redditurus3
2014 2478 2182 2544 unde
2218 2479 2288 2543 in
2326 2478 2661 2543 Germani-

307 2592 452 2636 cum
510 2571 699 2637 favor
757 2573 824 2637 et
868 2592 1017 2655 spes
1066 2571 1313 2636 eadem.
1393 2593 1547 2636 nam
1601 2570 1821 2634 iuveni
1865 2569 2056 2635 civile
2101 2568 2450 2653 ingenium,
2495 2567 2665 2631 mira

379 2787 465 2836 22.
495 2786 919 2853 momentum,
947 2779 1040 2835 die
1062 2781 1230 2836 Form
1254 2782 1429 2837 schon

306 2851 403 2907 bei
447 2851 682 2907 Plautus
735 2854 849 2906 und
907 2852 1120 2907 Sallust
1135 2895 1148 2918 ‚
1198 2851 1427 2906 unklas-

309 2923 475 2978 sisch.
578 2922 700 2978 Den
765 2922 1067 2978 Beinamen
1137 2923 1428 2979 Germani-

309 3010 407 3051 cus
458 2992 647 3048 ffihrte
692 2993 793 3049 der
839 2993 1016 3051 altere
1061 2992 1271 3048 Drusus
1316 2994 1433 3049 und

309 3065 430 3120 sein
495 3063 647 3120 Schn
709 3064 929 3146 zufolge
993 3064 1145 3119 eines
1210 3064 1433 3122 Senats-

308 3136 679 3262 belssslzlusses,
707 3136 978 3190 zuweilen
1007 3137 1151 3191 auch
1172 3135 1432 3191 Tiberius

310 3224 367 3263 se
433 3224 460 3261 s
489 3249 503 3263 .

380 3296 478 3352 32.
508 3300 558 3351 2.
580 3296 911 3367 lymphatus,
939 3295 1280 3352 dichterisch
1310 3297 1428 3351 und

306 3367 750 3424 nachklassisch.

378 3462 430 3513 4.
475 3457 759 3525 sexayeni,
815 3454 940 3510 eine
989 3454 1428 3526 cigentfimliche

307 3527 539 3596 Malice‚
590 3526 684 3582 die
738 3525 1046 3596 allerdings
1102 3543 1175 3581 an
1213 3526 1426 3582 Wahn-

308 3597 436 3654 sinn
469 3601 681 3669 grenzt.

381 3687 430 3737 6.
468 3680 676 3734 Weder
721 3680 1010 3735 exanimus
1053 3679 1196 3734 noch
1232 3679 1428 3734 exarci-

308 3752 413 3806 mie
430 3751 607 3806 findet
633 3750 753 3804 sich
782 3749 843 3804 in
866 3748 1207 3806 klassischer
1223 3750 1426 3816 Prosa3

307 3822 472 3878 beide
508 3821 679 3876 meist
711 3840 819 3876 nur
854 3821 946 3876 bei
982 3821 1270 3877 Dichtern.

382 3908 431 3957 7.
469 3901 781 3971 Septimius,
819 3900 970 3957 einer
1007 3902 1106 3956 der
1142 3899 1426 3956 Centurio·

309 3988 436 4040 nen,
473 3977 627 4029 sonet
659 3970 820 4028 nicht
856 3974 1126 4029 erwahnt.

381 4069 432 4117 9.
489 4062 715 4118 Cassius
770 4062 1009 4118 Chaerea
1063 4061 1285 4116 erstach
1341 4061 1426 4114 als

309 4133 524 4189 Tribun
577 4134 677 4189 der
727 4132 1084 4188 Pratcrianer
1132 4132 1213 4186 im
1256 4131 1308 4188 J.
1354 4137 1422 4185 41

311 4206 417 4259 den
455 4204 739 4287 Caligula,
778 4221 885 4259 von
924 4205 1053 4259 dem
1092 4221 1152 4259 er
1196 4209 1426 4273 persen·-

308 4276 427 4330 lich
460 4274 741 4346 beleidigt
777 4293 908 4331 war.

1609 2785 1694 2834 11.
1736 2764 1899 2904 {lber
1962 2779 2141 2834 animi
2200 2778 2358 2845 ferox
2411 2796 2453 2832 s.
2506 2775 2654 2835 Einl.

1614 2929 1694 2978 14.
1724 2923 1894 2976 altius
1928 2918 2165 2988 „tiefer“
2191 2934 2321 2974 vom
2349 2917 2664 2973 Verstand-

1537 2993 1643 3048 nis.
1735 2995 2036 3049 coniectare
2080 2992 2138 3046 in
2194 2991 2295 3045 der
2329 2989 2664 3059 Bedeutung

1540 3064 1889 3132 „auffassen,
1945 3062 2300 3117 beurteilen“
2356 3061 2503 3117 auch
2567 3061 2663 3116 bei

1540 3134 1662 3191 Liv.
1702 3140 1797 3204 29,
1847 3140 1915 3189 14
1961 3134 2312 3190 coniectando
2355 3149 2466 3188 rem
2510 3138 2659 3188 vetu-

1535 3212 1673 3263 state
1709 3207 1977 3262 obrutam.

1610 3282 1693 3332 16.
1733 3279 2009 3333 ardescere
2065 3276 2229 3347 (statt
2278 3275 2470 3330 ardere
2525 3273 2661 3328 oder

1536 3350 1901 3419 exardescere)
1940 3348 2087 3404 &fter
2120 3345 2215 3403 bei
2247 3346 2499 3416 Tacitus,
2539 3346 2654 3399 fru-

1536 3423 1639 3476 her
1673 3438 1779 3474 nur
1817 3421 1905 3475 bei
1941 3419 2225 3474 Dichtern.

1569 3491 1704 3617 αἵθ.
1743 3498 1793 3547 2.
1839 3496 2077 3560 neptem,
2125 3490 2210 3544 als
2258 3488 2505 3542 Tochter
2561 3487 2659 3541 der

1534 3563 1568 3617 J
1633 3564 1702 3618 'a.

1606 3641 1657 3691 3.
1697 3635 1916 3689 liberos:
1962 3631 2140 3700 Nero,
2180 3630 2466 3700 Caligula,
2511 3631 2654 3684 Dru-

1536 3722 1629 3760 sus
1666 3704 1783 3760 und
1816 3703 2149 3775 Agrippina,
2187 3702 2282 3756 die
2305 3700 2518 3758 Mutter
2555 3702 2655 3756 des

1534 3775 1758 3831 Kaieers
1795 3777 1961 3831 Nem.

1604 3853 1656 3904 4.
1711 3850 2020 3917 Auyuetae,
2073 3844 2233 3900 Livia
2295 3844 2380 3897 als
2444 3843 2659 3898 Mutter

1535 3917 1633 3972 des
1669 3917 1902 3973 Drusus.
1933 3949 1998 3957 —
2021 3918 2237 3986 patrui,
2273 3914 2536 3970 Tiberius
2572 3914 2658 3968 als

1533 3989 1748 4044 Bruder
1783 3990 1881 4044 des
1918 3990 2144 4044 Drusus.

1607 4066 1654 4115 7.
1712 4062 2011 4116 libertatem
2072 4059 2296 4114 reddere
2359 4057 2494 4126 „die
2551 4057 2657 4111 Re-

1532 4132 1733 4201 publik
1759 4130 2324 4186 wiederherstellen“.
2397 4127 2502 4182 Bei
2535 4129 2660 4183 red-

1534 4205 1758 4258 diturus
1829 4204 1905 4257 ist
1976 4203 2148 4269 fuisse
2220 4218 2289 4254 zu
2362 4203 2655 4267 erganzen.

1533 4275 1681 4332 Einl.
1718 4279 1764 4340 ἓ.
1803 4279 1890 4343 20,
1927 4291 1973 4329 c.
