2867 4625
279 425 370 491 68

264 1399 358 1465 69

393 81 483 144 74
1042 77 1388 135 CORNELII
1424 77 1672 136 TACITI
1706 77 1866 133 ANN
1865 76 2039 133 ALIU
2040 78 2100 132 M

391 242 618 327 rapido
673 263 921 307 veneno
975 241 1232 306 inlitam
1285 240 1583 306 faucibus
1639 241 1775 306 eius
1826 240 2162 305 demisisse
2209 239 2512 323 creditur,
2560 239 2707 305 haud

391 332 660 417 ignarus
689 352 943 396 summa
971 329 1263 395 scelera
1244 329 1448 413 mcipi
1476 351 1622 395 cum
1652 329 1962 414 periculo,
1996 329 2227 413 peragi
2253 350 2396 394 cum
2434 329 2706 412 praemio.

569 417 948 485 Vocabatur
991 419 1255 484 interim
1301 421 1566 484 senatus
1611 422 1890 502 votaque
1935 440 2055 502 pro
2092 417 2532 484 incolumitate
2565 417 2706 501 prin·

390 508 554 593 cipis
610 508 907 574 consules
962 511 1029 572 et
1069 506 1448 573 sacerdotes
1503 507 1995 592 nuncupabant,
2048 528 2198 571 cum
2251 506 2385 571 iam
2429 505 2706 571 exanimis

390 597 682 663 vestibus
746 600 816 662 et
870 595 1177 662 fomentis
1234 596 1676 681 obtegeretur,
1739 595 1895 661 dum
1946 616 2104 677 quae
2153 595 2376 660 forent
2424 594 2706 660 firmando

388 683 669 751 Neronis
714 685 987 769 imperio
1032 688 1531 770 componuntur.

1619 685 1754 750 iam
1797 684 2081 769 primum
2125 683 2517 768 Agrippina,
2563 683 2708 749 velut

316 795 351 845 5
390 773 611 839 dolore
666 774 876 839 evicta
931 777 1000 839 et
1052 774 1295 839 solacia
1344 773 1759 858 conquirens,
1811 775 2032 838 tenere
2078 773 2399 875 amplexu
2420 770 2706 837 Britanni-

388 884 563 946 cum,
613 883 835 928 veram
887 863 1142 948 paterni
1198 861 1329 928 oris
1385 862 1669 948 effigiem
1725 861 2051 951 appellare
2104 883 2180 926 ac
2235 860 2437 927 variis
2495 860 2705 926 artibus

390 951 733 1035 demorari,
778 972 862 1016 ne
909 951 1204 1017 cubiculo
1255 950 1686 1036 egrederetur.
1758 934 2117 1015 Antoniam
2162 970 2420 1034 quoque
2456 954 2521 1014 et
2552 948 2707 1014 Octa·

384 1039 562 1104 viam
599 1060 856 1105 sorores
895 1040 1033 1105 eius
1071 1039 1361 1123 attinuit,
1395 1041 1465 1103 et
1499 1043 1769 1104 cunctos
1805 1037 2020 1104 aditus
2058 1037 2370 1104 custodiis
2408 1038 2703 1120 clauserat,
2797 1120 2798 1127 ἵ

386 1127 741 1214 crebroque
794 1128 1114 1214 vulgabat
1162 1127 1259 1191 ire
1310 1127 1382 1192 in
1435 1127 1667 1193 melius
1720 1126 2158 1193 valetudinem
2211 1126 2552 1211 principis,
2606 1145 2702 1210 quo

279 1238 348 1287 10
382 1216 575 1282 miles
639 1217 815 1282 bona
876 1216 949 1281 in
1013 1238 1127 1301 spe
1187 1218 1412 1302 ageret
1464 1219 1852 1302 tempusque
1905 1236 2291 1300 prosperum
2346 1237 2429 1280 ex
2479 1214 2701 1280 monitis

385 1303 858 1371 Chaldaeorum
905 1303 1304 1370 adventaret.

556 1392 737 1458 Tunc
792 1392 1005 1459 medio
1051 1392 1182 1458 diei
1224 1393 1495 1458 tertium
1540 1396 1693 1457 ante
1738 1392 1892 1458 Idus
1939 1391 2276 1477 Octobris,
2327 1390 2575 1457 foribus
2612 1411 2699 1475 pa-

376 1481 523 1546 latii
569 1485 835 1567 repente
887 1481 1189 1564 diductis,
1245 1481 1602 1548 comitante
1646 1481 1859 1547 Burro
1904 1479 2082 1547 Nero
2129 1480 2466 1566 egreditur
2509 1479 2585 1545 ad
2623 1499 2699 1543 co·
2797 1548 2798 1553 χ

374 1568 649 1654 hortem,
695 1591 862 1654 quae
905 1590 1085 1635 more
1130 1570 1402 1634 militiae
1448 1569 1735 1635 excubiis
1780 1569 1983 1636 adest.
2064 1569 2160 1634 ibi
2204 1572 2513 1634 monente
2553 1586 2699 1652 prae·
2795 1626 2798 1647 ,

375 1656 547 1722 fecto
621 1656 857 1723 faustis
928 1658 1198 1724 vocibus
1263 1662 1570 1741 exceptus
1632 1657 1877 1723 inditur
1938 1657 2224 1723 lecticae.
2334 1656 2697 1722 dubitavisse

300 1769 338 1819 5
377 1745 693 1829 quosdam
754 1745 999 1830 ferunt,
1070 1749 1514 1830 respectantes
1586 1747 2073 1832 rogitantesque
2136 1746 2253 1811 ubi
2315 1744 2696 1810 Britannicus

376 1836 580 1898 esset:
627 1855 780 1899 mox
823 1834 1003 1899 nullo
1050 1834 1120 1899 in
1165 1833 1494 1900 diversum
1538 1839 1800 1900 auctore
1845 1856 2012 1919 quae
2050 1834 2494 1900 offerebantur
2527 1832 2695 1899 secuti

374 1924 543 1988 sunt.
631 1921 1001 2007 inlatusque
1056 1922 1286 1988 castris
1330 1922 1509 1989 Nero
1534 1926 1631 1987 ‘et
1684 1923 2108 2009 congruentia
2149 1923 2439 2007 tempori
2478 1920 2694 2006 praefa-

371 2012 506 2094 tus,
537 2056 543 2061 -
550 2011 876 2095 promisso
924 2011 1237 2078 donativo
1284 2012 1367 2077 ad
1412 2011 1777 2095 exemplum
1821 2015 2131 2096 paternae
2177 2011 2566 2097 largitionis,
2603 2011 2696 2075 im·

369 2102 634 2182 perator
680 2099 1146 2166 consalutatur.
1239 2099 1634 2165 sententiam
1679 2100 1961 2165 militum
2006 2103 2231 2166 secuta
2272 2103 2536 2186 patrum
2577 2119 2693 2164 con-

264 2212 337 2263 10
375 2188 574 2266 sulta,
629 2210 749 2253 nec
795 2188 1162 2254 dubitatum
1208 2191 1308 2253 est
1354 2187 1527 2273 apud
1570 2188 1959 2273 provincias.
2048 2189 2494 2275 caelestesque
2533 2188 2696 2253 hono·

373 2297 477 2342 res
523 2274 796 2343 Claudio
854 2276 1282 2344 decernuntur
1338 2280 1406 2343 et
1459 2276 1705 2343 funeris
1760 2277 2074 2344 sollemne
2125 2276 2399 2363 perinde
2455 2299 2527 2344 ac
2576 2275 2696 2342 divo

369 2465 547 2522 Essen
599 2485 719 2523 war
779 2469 954 2525 sehon
998 2485 1066 2523 ιιι
1112 2468 1336 2524 Ciceros
1378 2466 1502 2524 Zeit

368 2554 433 2593 so
479 2539 862 2609 gevohnlich,
909 2538 1035 2594 dass
1088 2556 1150 2595 er
1194 2539 1257 2595 in
1305 2539 1500 2596 seinen

370 2553 597 2664 Briefen
623 2609 810 2665 daven
837 2610 1053 2680 spricht
1079 2610 1186 2666 wie
1210 2627 1323 2666 von
1341 2610 1498 2666 einer

365 2678 596 2804 sulm}
578 2679 742 2736 chen
769 2681 966 2737 Sache.
1022 2678 1152 2752 Vgl.
1183 2682 1309 2737 Sen.
1342 2697 1493 2738 cons.

543 2751 651 2806 elv.
701 2758 753 2819 9,
802 2758 869 2807 10
924 2758 1152 2808 vomunt
1202 2758 1268 2808 ut
1311 2753 1495 2820 edant,

365 2822 541 2876 edum
574 2827 640 2878 ut
674 2828 910 2879 vomant.

438 2962 536 3019 68.
571 2970 621 3021 8.
649 2965 783 3020 dum
798 2962 982 3048 hangt
996 2980 1108 3019 von
1127 2963 1310 3019 einem
1331 2962 1494 3021 Satze

364 3032 475 3088 mit
509 3050 633 3089 cum
670 3035 771 3117 ab
807 3034 915 3089 wie
953 3033 1091 3089 dial.
1133 3041 1180 3090 1.

440 3109 488 3159 7.
550 3077 805 3160 Antonia
847 3104 926 3159 ist
969 3104 1062 3160 die
1109 3104 1354 3159 Tochter
1397 3105 1499 3160 der

363 3172 633 3241 Paetina,
690 3174 927 3230 Octavia
974 3174 1093 3230 und
1135 3174 1495 3231 Britannicus

363 3242 493 3298 sind
529 3243 742 3299 Kinder
776 3243 878 3300 der
912 3244 1234 3302 Messalina.

438 3319 490 3370 9.
529 3315 610 3370 ire
636 3315 702 3369 in
727 3316 938 3371 naelius.
983 3302 1138 3372 Uber
1162 3315 1254 3371 die
1280 3314 1495 3372 Phrase

361 3384 481 3453 vgl.
514 3401 584 3440 ιιι
613 3391 698 3453 11,
726 3391 760 3442 6
792 3388 935 3443 siin
957 3387 1172 3443 nullius
1205 3389 1493 3444 mercedem

358 3457 588 3525 myctia
623 3461 766 3515 eant.

418 3596 530 3678 069.
595 3604 643 3654 1.
680 3598 856 3654 medio
891 3599 1024 3655 diei.
1096 3599 1209 3654 Der
1246 3599 1491 3656 Genetiv

359 3665 469 3721 wie
501 3672 586 3736 11,
614 3673 704 3724 21.
730 3667 861 3725 hist.
895 3676 945 3738 1,
976 3676 1063 3725 62.
1090 3677 1143 3741 3,
1173 3676 1258 3728 11.
1303 3670 1490 3727 Schon

357 3737 454 3793 bei
469 3709 787 3796 Livius.—-
814 3712 1035 3796 tertium
1063 3746 1193 3797 ante
1213 3742 1322 3798 mit
1340 3744 1487 3798 Ana-

358 3808 593 3894 strophe
622 3811 764 3867 statt
790 3816 920 3867 ante
944 3812 1089 3867 diem
1115 3814 1355 3881 tanim,
1391 3812 1488 3869 bei

354 3879 587 3936 Tacitus
614 3882 970 3952 gewohnlich
999 3883 1144 3939 ohne
1163 3888 1307 3941 ante.
1345 3884 1486 3939 Das·

356 3950 515 4007 selbe
562 3952 774 4008 Datum
819 3952 1010 4009 haben
1058 3954 1211 4010 Suet.
1253 3959 1322 4009 45
1368 3954 1486 4010 und

357 4020 465 4078 Dio
503 4028 590 4092 60,
628 4030 700 4079 84
733 4025 798 4093 τῇ
828 4025 984 4095 τρίτῃ
1011 4023 1111 4079 καὶ
1138 4020 1352 4096 δεκάτῃ
1380 4025 1483 4080 τοῦ

348 4065 705 4166 Ὀκτωβρίσυ.

429 4167 480 4216 8.
536 4169 781 4220 monente
824 4165 904 4219 ist
946 4162 1266 4232 aoristisch‚
1322 4183 1366 4223 s.
1413 4184 1484 4221 ιιι

360 4237 445 4299 11,
481 4235 550 4288 85
584 4240 969 4304 praemonente
1003 4234 1288 4292 Narcisso.

1677 2475 1731 2524 4.
1759 2455 1912 2524 Uber
1939 2469 2050 2525 den
2076 2466 2379 2525 Gebrauch
2405 2486 2519 2525 von
2541 2467 2695 2524 inam

1607 2556 1651 2594 s.
1687 2558 1758 2594 zu
1794 2538 1899 2610 ΚΡ.
1940 2544 2027 2595 57.
2791 2563 2794 2566 ·

1679 2616 1730 2665 6.
1775 2612 1842 2666 in
1876 2610 2179 2678 diversum,
2213 2610 2323 2666 vie
2358 2610 2482 2667 Liv.
2521 2616 2596 2677 10,
2628 2612 2691 2672 85,

1607 2687 1674 2736 12
1719 2698 1854 2737 nam
1887 2682 1954 2737 in
1987 2686 2277 2751 utrmque
2307 2688 2556 2738 auctores
2576 2683 2689 2735 m.

1676 2759 1724 2807 7.
1776 2753 1999 2820 castri-3,
2038 2753 2207 2807 naml.
2238 2753 2565 2822 praetoriis,
2606 2750 2691 2806 ost·
2789 2775 2790 2778 ¹

1601 2823 1720 2879 lich
1754 2838 1858 2879 vor
1893 2823 1992 2877 der
2030 2822 2213 2878 Stadt.

1671 2898 1724 2951 8.
1762 2894 2095 2964 laryitiom's.
2150 2892 2419 2949 Claudius
2455 2894 2603 2948 hatte
2623 2889 2688 2959 38·

1602 2964 1733 3020 dem
1798 2963 2159 3020 Pretorianer
2229 2963 2320 3018 ein
2386 2963 2689 3019 Donativum

1602 3052 1714 3091 von
1772 3040 1946 3090 15000
1994 3034 2282 3090 Sesterzen
2336 3033 2564 3104 gezahlt
2600 3028 2689 3085 und

1605 3105 1857 3161 dadurch
1908 3105 2101 3161 diesen
2145 3051 2492 3161 Missbrauch
2533 3103 2687 3171 einge-

1675 3253 1726 3302 9.
1745 3251 1978 3318 pau-um
2005 3246 2273 3302 consulta.
2309 3245 2422 3300 Um
2440 3246 2538 3301 der
2552 3243 2686 3298 Pom

1601 3321 1989 3457 ιξιι
2019 3316 2100 3386 10¹¹
2175 3404 2236 3443 01
2268 3315 2392 3443 ι.
2407 3316 2579 3471 ιι
2601 3312 2686 3437 ι

1600 3458 1789 3515 hohen
1825 3459 2124 3529 Beamten,
2170 3458 2348 3513 durch
2394 3458 2486 3515 ein
2519 3454 2685 3512 Genea

1597 3531 1665 3585 de
1698 3531 1931 3601 imperio
1966 3548 2035 3584 ιιι
2066 3500 2405 3600 b’estatigen.
2467 3527 2589 3583 Dies
2609 3537 2683 3605 ge-

1596 3601 1773 3656 schah
1809 3601 1960 3656 noch
1992 3601 2056 3655 in
2092 3603 2284 3670 spater
2318 3600 2470 3669 Zeit,
2514 3592 2677 3652 aunei·

1595 3672 1689 3727 len
1746 3687 1916 3755 sogar
1968 3671 2117 3726 nach
2159 3641 2482 3727 formlichei·
2523 3662 2681 3728 Wsshln

1563 3737 1702 3798 'wie
1746 3742 1828 3797 im
1863 3742 1917 3799 J.
1956 3747 2059 3797 2⁰15
2108 3742 2202 3798 bei
2244 3741 2345 3797 der
2377 3741 2682 3803 Ernennung

1597 3813 1700 3868 des
1738 3812 2005 3869 Claudius
2041 3812 2288 3868 Tacitus.

1668 3890 1757 3940 11.
1813 3882 2083 3939 Claudius
2140 3884 2298 3939 starb
2349 3882 2429 3937 im
2481 3887 2560 3937 64.
2600 3876 2679 3931 Lo-

1593 3954 1910 4027 bensjahre.
1975 3954 2028 4009 N
2031 3955 2139 4009 ach
2176 3954 2314 4011 Dios
2348 3952 2588 4009 Berechn

1592 4026 1755 4082 hatte
1808 4041 1871 4080 er
1920 4031 1988 4080 18
2033 4024 2207 4081 Jahre
2255 4032 2290 4082 8
2332 4023 2548 4079 Monate

1592 4102 1662 4151 20
1680 4098 1838 4168 Tage
1857 4096 2082 4168 regiert.
2114 4096 2330 4153 Seneca
2340 4088 2676 4181 bescbimpste

1592 4167 1704 4224 den
1737 4168 2109 4225 Ermordeten
2154 4167 2334 4224 durch
2374 4165 2464 4221 die
2495 4160 2674 4219 duono-

1589 4236 1929 4303 λοκῦντωσις
2011 4240 2178 4307 (statt
2249 4231 2674 4298 exuendum)-
