<?xml version="1.0" encoding="UTF-8"?>
<!DOCTYPE html PUBLIC "-//W3C//DTD XHTML 1.0 Transitional//EN"
    "http://www.w3.org/TR/xhtml1/DTD/xhtml1-transitional.dtd">
<html xmlns="http://www.w3.org/1999/xhtml" xml:lang="en" lang="en">
 <head>
  <title>
</title>
<meta http-equiv="Content-Type" content="text/html;charset=utf-8" />
  <meta name='ocr-system' content='tesseract 3.04.00' />
  <meta name='ocr-capabilities' content='ocr_page ocr_carea ocr_par ocr_line ocrx_word'/>
</head>
<body>
  <div class='ocr_page' id='page_1' title='image "./dieannalendesta00draegoog_0337.png"; bbox 0 0 2867 4625; ppageno 0'>
   <div class='ocr_carea' id='block_1_1' title="bbox 969 102 2560 176">
    <p class='ocr_par' dir='ltr' id='par_1_1' title="bbox 969 102 2560 176">
     <span class='ocr_line' id='line_1_1' title="bbox 969 102 2560 176; baseline 0.012 -19"><span class='ocrx_word' id='word_1_1' title='bbox 969 102 1189 159; x_wconf 78' lang='lat' dir='ltr'><strong>LIBER</strong></span> <span class='ocrx_word' id='word_1_2' title='bbox 1223 103 1319 159; x_wconf 79' lang='lat' dir='ltr'><strong>xl.</strong></span> <span class='ocrx_word' id='word_1_3' title='bbox 1369 104 1526 161; x_wconf 84' lang='lat' dir='ltr'><strong>cAP.</strong></span> <span class='ocrx_word' id='word_1_4' title='bbox 1566 113 1792 164; x_wconf 79' lang='lat'><strong>31—34.</strong></span> <span class='ocrx_word' id='word_1_5' title='bbox 2475 110 2560 176; x_wconf 81' lang='lat'><strong>27</strong></span> 
     </span>
    </p>
   </div>
   <div class='ocr_carea' id='block_1_2' title="bbox 198 263 2563 711">
    <p class='ocr_par' dir='ltr' id='par_1_2' title="bbox 198 263 2563 711">
     <span class='ocr_line' id='line_1_2' title="bbox 200 263 2562 360; baseline 0.004 -31"><span class='ocrx_word' id='word_1_6' title='bbox 200 263 400 330; x_wconf 89' lang='lat' dir='ltr'><strong>tificis</strong></span> <span class='ocrx_word' id='word_1_7' title='bbox 437 265 706 331; x_wconf 85' lang='lat' dir='ltr'><strong>maximi</strong></span> <span class='ocrx_word' id='word_1_8' title='bbox 749 286 936 331; x_wconf 88' lang='lat' dir='ltr'><strong>aures</strong></span> <span class='ocrx_word' id='word_1_9' title='bbox 975 266 1170 350; x_wconf 90' lang='lat' dir='ltr'><strong>adire,</strong></span> <span class='ocrx_word' id='word_1_10' title='bbox 1216 268 1632 334; x_wconf 87' lang='lat' dir='ltr'><strong>clementiam</strong></span> <span class='ocrx_word' id='word_1_11' title='bbox 1669 275 1991 355; x_wconf 89' lang='lat' dir='ltr'><strong>expetere.</strong></span> <span class='ocrx_word' id='word_1_12' title='bbox 2044 276 2239 357; x_wconf 90' lang='lat' dir='ltr'><strong>atque</strong></span> <span class='ocrx_word' id='word_1_13' title='bbox 2279 273 2562 360; x_wconf 87' lang='lat' dir='ltr'><strong>interim,</strong></span> 
     </span>
     <span class='ocr_line' id='line_1_3' title="bbox 198 354 2563 449; baseline 0.003 -28"><span class='ocrx_word' id='word_1_14' title='bbox 198 356 414 422; x_wconf 88' lang='lat' dir='ltr'><strong>tribus</strong></span> <span class='ocrx_word' id='word_1_15' title='bbox 453 355 720 421; x_wconf 92' lang='lat' dir='ltr'><strong>omnino</strong></span> <span class='ocrx_word' id='word_1_16' title='bbox 758 356 1219 421; x_wconf 73' lang='lat' dir='ltr'><strong>comitantibus</strong></span> <span class='ocrx_word' id='word_1_17' title='bbox 1250 354 1347 441; x_wconf 88' lang='lat' dir='ltr'><strong>(id</strong></span> <span class='ocrx_word' id='word_1_18' title='bbox 1373 361 1639 442; x_wconf 88' lang='lat' dir='ltr'><strong>repente</strong></span> <span class='ocrx_word' id='word_1_19' title='bbox 1667 360 2036 427; x_wconf 77' lang='lat' dir='ltr'><strong>solitudinis</strong></span> <span class='ocrx_word' id='word_1_20' title='bbox 2066 360 2237 449; x_wconf 88' lang='lat' dir='ltr'><strong>erat)</strong></span> <span class='ocrx_word' id='word_1_21' title='bbox 2275 364 2563 449; x_wconf 86' lang='lat' dir='ltr'><strong>spatium</strong></span> 
     </span>
     <span class='ocr_line' id='line_1_4' title="bbox 199 443 2563 535; baseline 0.003 -24"><span class='ocrx_word' id='word_1_22' title='bbox 199 445 382 512; x_wconf 87' lang='lat' dir='ltr'><strong>urbis</strong></span> <span class='ocrx_word' id='word_1_23' title='bbox 445 443 720 530; x_wconf 86' lang='lat' dir='ltr'><strong>pedibus</strong></span> <span class='ocrx_word' id='word_1_24' title='bbox 786 465 1075 530; x_wconf 90' lang='lat' dir='ltr'><strong>emensa,</strong></span> <span class='ocrx_word' id='word_1_25' title='bbox 1136 445 1460 529; x_wconf 88' lang='lat' dir='ltr'><strong>vehiculo,</strong></span> <span class='ocrx_word' id='word_1_26' title='bbox 1533 469 1658 532; x_wconf 92' lang='lat' dir='ltr'><strong>quo</strong></span> <span class='ocrx_word' id='word_1_27' title='bbox 1725 454 2158 535; x_wconf 87' lang='lat' dir='ltr'><strong>purgamenta</strong></span> <span class='ocrx_word' id='word_1_28' title='bbox 2219 452 2563 518; x_wconf 87' lang='lat' dir='ltr'><strong>hortorum</strong></span> 
     </span>
     <span class='ocr_line' id='line_1_5' title="bbox 199 532 2561 626; baseline 0.003 -26"><span class='ocrx_word' id='word_1_29' title='bbox 199 535 637 619; x_wconf 83' lang='lat' dir='ltr'><strong>excipiuntur,</strong></span> <span class='ocrx_word' id='word_1_30' title='bbox 702 532 1072 600; x_wconf 72' lang='lat' dir='ltr'><strong>Ostiensem</strong></span> <span class='ocrx_word' id='word_1_31' title='bbox 1127 535 1300 599; x_wconf 91' lang='lat' dir='ltr'><strong>viam</strong></span> <span class='ocrx_word' id='word_1_32' title='bbox 1352 535 1585 622; x_wconf 82' lang='lat' dir='ltr'><strong>intrat,</strong></span> <span class='ocrx_word' id='word_1_33' title='bbox 1647 539 1828 604; x_wconf 89' lang='lat' dir='ltr'><strong>nulla</strong></span> <span class='ocrx_word' id='word_1_34' title='bbox 1882 539 2261 626; x_wconf 91' lang='lat' dir='ltr'><strong>cuiusquam</strong></span> <span class='ocrx_word' id='word_1_35' title='bbox 2316 541 2561 607; x_wconf 89' lang='lat' dir='ltr'><strong>miseri-</strong></span> 
     </span>
     <span class='ocr_line' id='line_1_6' title="bbox 201 622 2007 711; baseline 0.002 -21"><span class='ocrx_word' id='word_1_36' title='bbox 201 624 449 708; x_wconf 82' lang='lat' dir='ltr'><strong>cordia,</strong></span> <span class='ocrx_word' id='word_1_37' title='bbox 497 622 649 707; x_wconf 91' lang='lat' dir='ltr'><strong>quia</strong></span> <span class='ocrx_word' id='word_1_38' title='bbox 691 622 1096 709; x_wconf 87' lang='lat' dir='ltr'><strong>flagitiorum</strong></span> <span class='ocrx_word' id='word_1_39' title='bbox 1143 623 1525 690; x_wconf 74' lang='lat' dir='ltr'><strong>deformitas</strong></span> <span class='ocrx_word' id='word_1_40' title='bbox 1571 628 2007 711; x_wconf 72' lang='lat' dir='ltr'><strong>praevalebat.</strong></span> 
     </span>
    </p>
   </div>
   <div class='ocr_carea' id='block_1_3' title="bbox 190 801 2632 1337">
    <p class='ocr_par' dir='ltr' id='par_1_3' title="bbox 190 801 2632 1337">
     <span class='ocr_line' id='line_1_7' title="bbox 193 801 2562 893; baseline 0.003 -26"><span class='ocrx_word' id='word_1_41' title='bbox 193 802 356 868; x_wconf 90' lang='lat' dir='ltr'><strong>torii</strong></span> <span class='ocrx_word' id='word_1_42' title='bbox 401 801 730 887; x_wconf 90' lang='lat' dir='ltr'><strong>praefecto</strong></span> <span class='ocrx_word' id='word_1_43' title='bbox 778 802 951 867; x_wconf 87' lang='lat' dir='ltr'><strong>haud</strong></span> <span class='ocrx_word' id='word_1_44' title='bbox 990 802 1150 866; x_wconf 90' lang='lat' dir='ltr'><strong>satis</strong></span> <span class='ocrx_word' id='word_1_45' title='bbox 1195 802 1505 887; x_wconf 88' lang='lat' dir='ltr'><strong>fidebant,</strong></span> <span class='ocrx_word' id='word_1_46' title='bbox 1551 804 1633 869; x_wconf 87' lang='lat' dir='ltr'><strong>ad</strong></span> <span class='ocrx_word' id='word_1_47' title='bbox 1668 805 1947 872; x_wconf 88' lang='lat' dir='ltr'><strong>honesta</strong></span> <span class='ocrx_word' id='word_1_48' title='bbox 1983 828 2096 871; x_wconf 92' lang='lat' dir='ltr'><strong>seu</strong></span> <span class='ocrx_word' id='word_1_49' title='bbox 2141 829 2345 893; x_wconf 88' lang='lat' dir='ltr'><strong>prava</strong></span> <span class='ocrx_word' id='word_1_50' title='bbox 2379 809 2562 873; x_wconf 84' lang='lat' dir='ltr'><strong>iuxta</strong></span> 
     </span>
     <span class='ocr_line' id='line_1_8' title="bbox 194 889 2560 980; baseline 0.003 -25"><span class='ocrx_word' id='word_1_51' title='bbox 194 891 344 958; x_wconf 90' lang='lat' dir='ltr'><strong>levi.</strong></span> <span class='ocrx_word' id='word_1_52' title='bbox 419 912 574 977; x_wconf 86' lang='lat' dir='ltr'><strong>ergo</strong></span> <span class='ocrx_word' id='word_1_53' title='bbox 612 889 989 975; x_wconf 80' lang='lat' dir='ltr'><strong>Narcissus,</strong></span> <span class='ocrx_word' id='word_1_54' title='bbox 1038 890 1396 976; x_wconf 80' lang='lat' dir='ltr'><strong>adsumptis</strong></span> <span class='ocrx_word' id='word_1_55' title='bbox 1435 893 1671 977; x_wconf 87' lang='lat' dir='ltr'><strong>quibus</strong></span> <span class='ocrx_word' id='word_1_56' title='bbox 1709 894 1881 959; x_wconf 91' lang='lat' dir='ltr'><strong>idem</strong></span> <span class='ocrx_word' id='word_1_57' title='bbox 1917 897 2155 980; x_wconf 89' lang='lat' dir='ltr'><strong>metus,</strong></span> <span class='ocrx_word' id='word_1_58' title='bbox 2191 917 2327 961; x_wconf 92' lang='lat' dir='ltr'><strong>non</strong></span> <span class='ocrx_word' id='word_1_59' title='bbox 2364 897 2560 962; x_wconf 91' lang='lat' dir='ltr'><strong>aliam</strong></span> 
     </span>
     <span class='ocr_line' id='line_1_9' title="bbox 198 976 2559 1068; baseline 0.003 -24"><span class='ocrx_word' id='word_1_60' title='bbox 198 1002 381 1065; x_wconf 88' lang='lat' dir='ltr'><strong>spem</strong></span> <span class='ocrx_word' id='word_1_61' title='bbox 427 980 896 1046; x_wconf 72' lang='lat' dir='ltr'><strong>incolumitatis</strong></span> <span class='ocrx_word' id='word_1_62' title='bbox 936 976 1236 1045; x_wconf 83' lang='lat' dir='ltr'><strong>Caesaris</strong></span> <span class='ocrx_word' id='word_1_63' title='bbox 1275 981 1590 1067; x_wconf 86' lang='lat' dir='ltr'><strong>adfirmat,</strong></span> <span class='ocrx_word' id='word_1_64' title='bbox 1639 1005 1834 1068; x_wconf 90' lang='lat' dir='ltr'><strong>quam</strong></span> <span class='ocrx_word' id='word_1_65' title='bbox 1875 984 1931 1048; x_wconf 88' lang='lat' dir='ltr'><strong>si</strong></span> <span class='ocrx_word' id='word_1_66' title='bbox 1967 984 2070 1049; x_wconf 91' lang='lat' dir='ltr'><strong>ius</strong></span> <span class='ocrx_word' id='word_1_67' title='bbox 2108 984 2392 1050; x_wconf 89' lang='lat' dir='ltr'><strong>militum</strong></span> <span class='ocrx_word' id='word_1_68' title='bbox 2428 1007 2559 1051; x_wconf 90' lang='lat' dir='ltr'><strong>uno</strong></span> 
     </span>
     <span class='ocr_line' id='line_1_10' title="bbox 193 1068 2632 1158; baseline 0.001 -24"><span class='ocrx_word' id='word_1_69' title='bbox 193 1070 314 1135; x_wconf 86' lang='lat' dir='ltr'><strong>illo</strong></span> <span class='ocrx_word' id='word_1_70' title='bbox 363 1070 464 1134; x_wconf 91' lang='lat' dir='ltr'><strong>die</strong></span> <span class='ocrx_word' id='word_1_71' title='bbox 510 1070 583 1134; x_wconf 87' lang='lat' dir='ltr'><strong>in</strong></span> <span class='ocrx_word' id='word_1_72' title='bbox 621 1068 903 1154; x_wconf 91' lang='lat' dir='ltr'><strong>aliquem</strong></span> <span class='ocrx_word' id='word_1_73' title='bbox 947 1069 1331 1135; x_wconf 88' lang='lat' dir='ltr'><strong>libertorum</strong></span> <span class='ocrx_word' id='word_1_74' title='bbox 1375 1071 1780 1156; x_wconf 87' lang='lat' dir='ltr'><strong>transferret,</strong></span> <span class='ocrx_word' id='word_1_75' title='bbox 1827 1094 2021 1158; x_wconf 90' lang='lat' dir='ltr'><strong>seque</strong></span> <span class='ocrx_word' id='word_1_76' title='bbox 2068 1072 2257 1139; x_wconf 87' lang='lat' dir='ltr'><strong>offert</strong></span> <span class='ocrx_word' id='word_1_77' title='bbox 2303 1096 2559 1158; x_wconf 89' lang='lat' dir='ltr'><strong>suscep·</strong></span> <span class='ocrx_word' id='word_1_78' title='bbox 2598 1089 2632 1137; x_wconf 81' lang='lat'>5</span> 
     </span>
     <span class='ocr_line' id='line_1_11' title="bbox 190 1158 2560 1247; baseline 0.002 -24"><span class='ocrx_word' id='word_1_79' title='bbox 190 1162 435 1223; x_wconf 89' lang='lat' dir='ltr'><strong>turum.</strong></span> <span class='ocrx_word' id='word_1_80' title='bbox 530 1180 605 1223; x_wconf 91' lang='lat' dir='ltr'><strong>ac</strong></span> <span class='ocrx_word' id='word_1_81' title='bbox 658 1179 768 1242; x_wconf 89' lang='lat' dir='ltr'><strong>ne,</strong></span> <span class='ocrx_word' id='word_1_82' title='bbox 834 1158 987 1223; x_wconf 90' lang='lat' dir='ltr'><strong>dum</strong></span> <span class='ocrx_word' id='word_1_83' title='bbox 1042 1158 1113 1222; x_wconf 90' lang='lat' dir='ltr'><strong>in</strong></span> <span class='ocrx_word' id='word_1_84' title='bbox 1164 1158 1392 1224; x_wconf 91' lang='lat' dir='ltr'><strong>urbem</strong></span> <span class='ocrx_word' id='word_1_85' title='bbox 1452 1160 1812 1245; x_wconf 83' lang='lat' dir='ltr'><strong>revehitur,</strong></span> <span class='ocrx_word' id='word_1_86' title='bbox 1868 1162 1950 1227; x_wconf 90' lang='lat' dir='ltr'><strong>ad</strong></span> <span class='ocrx_word' id='word_1_87' title='bbox 2005 1163 2473 1247; x_wconf 89' lang='lat' dir='ltr'><strong>paenitentiam</strong></span> <span class='ocrx_word' id='word_1_88' title='bbox 2521 1185 2560 1228; x_wconf 89' lang='lat' dir='ltr'><strong>a</strong></span> 
     </span>
     <span class='ocr_line' id='line_1_12' title="bbox 192 1245 2559 1337; baseline 0.003 -26"><span class='ocrx_word' id='word_1_89' title='bbox 192 1246 268 1313; x_wconf 88' lang='lat' dir='ltr'><strong>L.</strong></span> <span class='ocrx_word' id='word_1_90' title='bbox 315 1246 587 1313; x_wconf 88' lang='lat' dir='ltr'><strong>Vitellio</strong></span> <span class='ocrx_word' id='word_1_91' title='bbox 635 1250 701 1311; x_wconf 90' lang='lat' dir='ltr'><strong>et</strong></span> <span class='ocrx_word' id='word_1_92' title='bbox 743 1245 959 1333; x_wconf 88' lang='lat' dir='ltr'><strong>Largo</strong></span> <span class='ocrx_word' id='word_1_93' title='bbox 1007 1245 1289 1313; x_wconf 91' lang='lat' dir='ltr'><strong>Caecina</strong></span> <span class='ocrx_word' id='word_1_94' title='bbox 1341 1252 1731 1335; x_wconf 86' lang='lat' dir='ltr'><strong>mutaretur,</strong></span> <span class='ocrx_word' id='word_1_95' title='bbox 1792 1251 1864 1315; x_wconf 92' lang='lat' dir='ltr'><strong>in</strong></span> <span class='ocrx_word' id='word_1_96' title='bbox 1918 1251 2145 1317; x_wconf 91' lang='lat' dir='ltr'><strong>eodem</strong></span> <span class='ocrx_word' id='word_1_97' title='bbox 2201 1253 2559 1337; x_wconf 87' lang='lat' dir='ltr'><strong>gestamine</strong></span> 
     </span>
    </p>
   </div>
   <div class='ocr_carea' id='block_1_4' title="bbox 195 1336 1221 1422">
    <p class='ocr_par' dir='ltr' id='par_1_4' title="bbox 195 1336 1221 1422">
     <span class='ocr_line' id='line_1_13' title="bbox 195 1336 1221 1422; baseline -0.001 -20"><span class='ocrx_word' id='word_1_98' title='bbox 195 1337 421 1402; x_wconf 89' lang='lat' dir='ltr'><strong>sedem</strong></span> <span class='ocrx_word' id='word_1_99' title='bbox 467 1336 682 1420; x_wconf 90' lang='lat' dir='ltr'><strong>poscit</strong></span> <span class='ocrx_word' id='word_1_100' title='bbox 726 1337 1221 1422; x_wconf 87' lang='lat' dir='ltr'><strong>assumiturque.</strong></span> 
     </span>
    </p>
   </div>
   <div class='ocr_carea' id='block_1_5' title="bbox 381 1423 2665 1514">
    <p class='ocr_par' dir='ltr' id='par_1_5' title="bbox 381 1423 2665 1514">
     <span class='ocr_line' id='line_1_14' title="bbox 381 1423 2665 1514; baseline 0.002 -25"><span class='ocrx_word' id='word_1_101' title='bbox 381 1423 624 1490; x_wconf 89' lang='lat' dir='ltr'><strong>Crebra</strong></span> <span class='ocrx_word' id='word_1_102' title='bbox 659 1429 814 1510; x_wconf 89' lang='lat' dir='ltr'><strong>post</strong></span> <span class='ocrx_word' id='word_1_103' title='bbox 848 1425 1009 1491; x_wconf 90' lang='lat' dir='ltr'><strong>haec</strong></span> <span class='ocrx_word' id='word_1_104' title='bbox 1044 1425 1224 1491; x_wconf 90' lang='lat' dir='ltr'><strong>fama</strong></span> <span class='ocrx_word' id='word_1_105' title='bbox 1259 1426 1411 1512; x_wconf 86' lang='lat' dir='ltr'><strong>fuit,</strong></span> <span class='ocrx_word' id='word_1_106' title='bbox 1456 1428 1629 1494; x_wconf 74' lang='lat' dir='ltr'><strong>inter</strong></span> <span class='ocrx_word' id='word_1_107' title='bbox 1673 1429 1964 1494; x_wconf 88' lang='lat' dir='ltr'><strong>diversas</strong></span> <span class='ocrx_word' id='word_1_108' title='bbox 1998 1429 2310 1514; x_wconf 85' lang='lat' dir='ltr'><strong>principis</strong></span> <span class='ocrx_word' id='word_1_109' title='bbox 2349 1450 2558 1514; x_wconf 89' lang='lat' dir='ltr'><strong>voces,</strong></span> <span class='ocrx_word' id='word_1_110' title='bbox 2576 1429 2665 1494; x_wconf 83' lang='lat'><strong>34</strong></span> 
     </span>
    </p>
   </div>
   <div class='ocr_carea' id='block_1_6' title="bbox 184 1514 2626 2226">
    <p class='ocr_par' dir='ltr' id='par_1_6' title="bbox 184 1514 2626 2226">
     <span class='ocr_line' id='line_1_15' title="bbox 193 1514 2559 1602; baseline 0.002 -23"><span class='ocrx_word' id='word_1_111' title='bbox 193 1537 345 1580; x_wconf 92' lang='lat' dir='ltr'><strong>cum</strong></span> <span class='ocrx_word' id='word_1_112' title='bbox 391 1514 587 1580; x_wconf 93' lang='lat' dir='ltr'><strong>modo</strong></span> <span class='ocrx_word' id='word_1_113' title='bbox 640 1515 970 1580; x_wconf 88' lang='lat' dir='ltr'><strong>incusaret</strong></span> <span class='ocrx_word' id='word_1_114' title='bbox 1023 1514 1276 1600; x_wconf 89' lang='lat' dir='ltr'><strong>flagitia</strong></span> <span class='ocrx_word' id='word_1_115' title='bbox 1327 1518 1576 1602; x_wconf 87' lang='lat' dir='ltr'><strong>uxoris,</strong></span> <span class='ocrx_word' id='word_1_116' title='bbox 1636 1517 1985 1602; x_wconf 90' lang='lat' dir='ltr'><strong>aliquando</strong></span> <span class='ocrx_word' id='word_1_117' title='bbox 2043 1518 2125 1583; x_wconf 89' lang='lat' dir='ltr'><strong>ad</strong></span> <span class='ocrx_word' id='word_1_118' title='bbox 2178 1519 2559 1584; x_wconf 83' lang='lat' dir='ltr'><strong>memoriam</strong></span> 
     </span>
     <span class='ocr_line' id='line_1_16' title="bbox 193 1603 2557 1692; baseline 0.002 -22"><span class='ocrx_word' id='word_1_119' title='bbox 193 1604 492 1689; x_wconf 88' lang='lat' dir='ltr'><strong>coniugii</strong></span> <span class='ocrx_word' id='word_1_120' title='bbox 537 1607 605 1668; x_wconf 90' lang='lat' dir='ltr'><strong>et</strong></span> <span class='ocrx_word' id='word_1_121' title='bbox 647 1603 995 1669; x_wconf 88' lang='lat' dir='ltr'><strong>infantiam</strong></span> <span class='ocrx_word' id='word_1_122' title='bbox 1041 1604 1395 1670; x_wconf 89' lang='lat' dir='ltr'><strong>liberorum</strong></span> <span class='ocrx_word' id='word_1_123' title='bbox 1432 1607 1896 1689; x_wconf 82' lang='lat' dir='ltr'><strong>revolveretur,</strong></span> <span class='ocrx_word' id='word_1_124' title='bbox 1941 1629 2076 1673; x_wconf 88' lang='lat' dir='ltr'><strong>non</strong></span> <span class='ocrx_word' id='word_1_125' title='bbox 2122 1608 2299 1672; x_wconf 91' lang='lat' dir='ltr'><strong>aliud</strong></span> <span class='ocrx_word' id='word_1_126' title='bbox 2344 1609 2557 1692; x_wconf 88' lang='lat' dir='ltr'><strong>prolo-</strong></span> 
     </span>
     <span class='ocr_line' id='line_1_17' title="bbox 190 1691 2558 1781; baseline 0.001 -22"><span class='ocrx_word' id='word_1_127' title='bbox 190 1696 421 1759; x_wconf 88' lang='lat' dir='ltr'><strong>cutum</strong></span> <span class='ocrx_word' id='word_1_128' title='bbox 459 1691 796 1758; x_wconf 88' lang='lat' dir='ltr'><strong>Vitellium</strong></span> <span class='ocrx_word' id='word_1_129' title='bbox 844 1715 1039 1777; x_wconf 90' lang='lat' dir='ltr'><strong>quam</strong></span> <span class='ocrx_word' id='word_1_130' title='bbox 1087 1692 1106 1722; x_wconf 75' lang='lat'><em>‘</em></span> <span class='ocrx_word' id='word_1_131' title='bbox 1120 1715 1158 1758; x_wconf 97' lang='lat' dir='ltr'><strong>o</strong></span> <span class='ocrx_word' id='word_1_132' title='bbox 1205 1693 1484 1759; x_wconf 77' lang='lat' dir='ltr'><strong>facinus!</strong></span> <span class='ocrx_word' id='word_1_133' title='bbox 1533 1717 1572 1761; x_wconf 97' lang='lat' dir='ltr'><strong>o</strong></span> <span class='ocrx_word' id='word_1_134' title='bbox 1620 1695 1890 1760; x_wconf 76' lang='lat' dir='ltr'><strong>scelusl’</strong></span> <span class='ocrx_word' id='word_1_135' title='bbox 1964 1696 2257 1762; x_wconf 90' lang='lat' dir='ltr'><strong>instabat</strong></span> <span class='ocrx_word' id='word_1_136' title='bbox 2301 1696 2558 1781; x_wconf 91' lang='lat' dir='ltr'><strong>quidem</strong></span> 
     </span>
     <span class='ocr_line' id='line_1_18' title="bbox 189 1781 2626 1870; baseline 0.001 -23"><span class='ocrx_word' id='word_1_137' title='bbox 189 1781 547 1858; x_wconf 86' lang='lat' dir='ltr'><strong>Narcissus</strong></span> <span class='ocrx_word' id='word_1_138' title='bbox 585 1783 832 1866; x_wconf 89' lang='lat' dir='ltr'><strong>aperire</strong></span> <span class='ocrx_word' id='word_1_139' title='bbox 871 1784 1180 1867; x_wconf 85' lang='lat' dir='ltr'><strong>ambages</strong></span> <span class='ocrx_word' id='word_1_140' title='bbox 1219 1787 1286 1848; x_wconf 91' lang='lat' dir='ltr'><strong>et</strong></span> <span class='ocrx_word' id='word_1_141' title='bbox 1318 1783 1458 1849; x_wconf 91' lang='lat' dir='ltr'><strong>veri</strong></span> <span class='ocrx_word' id='word_1_142' title='bbox 1496 1785 1751 1870; x_wconf 91' lang='lat' dir='ltr'><strong>copiam</strong></span> <span class='ocrx_word' id='word_1_143' title='bbox 1797 1785 2039 1851; x_wconf 86' lang='lat' dir='ltr'><strong>facere:</strong></span> <span class='ocrx_word' id='word_1_144' title='bbox 2087 1786 2202 1851; x_wconf 91' lang='lat' dir='ltr'><strong>sed</strong></span> <span class='ocrx_word' id='word_1_145' title='bbox 2239 1807 2374 1851; x_wconf 89' lang='lat' dir='ltr'><strong>non</strong></span> <span class='ocrx_word' id='word_1_146' title='bbox 2409 1785 2555 1852; x_wconf 92' lang='lat' dir='ltr'><strong>ideo</strong></span> <span class='ocrx_word' id='word_1_147' title='bbox 2594 1800 2626 1849; x_wconf 83' lang='lat'>5</span> 
     </span>
     <span class='ocr_line' id='line_1_19' title="bbox 187 1871 2556 1958; baseline 0.002 -23"><span class='ocrx_word' id='word_1_148' title='bbox 187 1871 496 1956; x_wconf 87' lang='lat' dir='ltr'><strong>pervicit,</strong></span> <span class='ocrx_word' id='word_1_149' title='bbox 553 1871 709 1955; x_wconf 89' lang='lat' dir='ltr'><strong>quin</strong></span> <span class='ocrx_word' id='word_1_150' title='bbox 754 1893 1070 1956; x_wconf 90' lang='lat' dir='ltr'><strong>suspensa</strong></span> <span class='ocrx_word' id='word_1_151' title='bbox 1116 1876 1184 1937; x_wconf 89' lang='lat' dir='ltr'><strong>et</strong></span> <span class='ocrx_word' id='word_1_152' title='bbox 1238 1895 1365 1957; x_wconf 91' lang='lat' dir='ltr'><strong>quo</strong></span> <span class='ocrx_word' id='word_1_153' title='bbox 1413 1873 1801 1939; x_wconf 85' lang='lat' dir='ltr'><strong>ducerentur</strong></span> <span class='ocrx_word' id='word_1_154' title='bbox 1855 1874 2247 1940; x_wconf 88' lang='lat' dir='ltr'><strong>inclinatura</strong></span> <span class='ocrx_word' id='word_1_155' title='bbox 2291 1896 2556 1958; x_wconf 87' lang='lat' dir='ltr'><strong>respon-</strong></span> 
     </span>
     <span class='ocr_line' id='line_1_20' title="bbox 188 1959 2556 2047; baseline 0.001 -22"><span class='ocrx_word' id='word_1_156' title='bbox 188 1961 382 2025; x_wconf 91' lang='lat' dir='ltr'><strong>deret</strong></span> <span class='ocrx_word' id='word_1_157' title='bbox 437 1961 857 2044; x_wconf 84' lang='lat' dir='ltr'><strong>exemploque</strong></span> <span class='ocrx_word' id='word_1_158' title='bbox 915 1961 1051 2026; x_wconf 89' lang='lat' dir='ltr'><strong>eius</strong></span> <span class='ocrx_word' id='word_1_159' title='bbox 1098 1959 1351 2047; x_wconf 82' lang='lat' dir='ltr'><strong>Largus</strong></span> <span class='ocrx_word' id='word_1_160' title='bbox 1397 1960 1679 2028; x_wconf 89' lang='lat' dir='ltr'><strong>Caecina</strong></span> <span class='ocrx_word' id='word_1_161' title='bbox 1727 1966 2030 2028; x_wconf 83' lang='lat' dir='ltr'><strong>uteretur.</strong></span> <span class='ocrx_word' id='word_1_162' title='bbox 2113 1968 2179 2029; x_wconf 90' lang='lat' dir='ltr'><strong>et</strong></span> <span class='ocrx_word' id='word_1_163' title='bbox 2234 1965 2368 2028; x_wconf 90' lang='lat' dir='ltr'><strong>iam</strong></span> <span class='ocrx_word' id='word_1_164' title='bbox 2414 1969 2556 2029; x_wconf 89' lang='lat' dir='ltr'><strong>erat</strong></span> 
     </span>
     <span class='ocr_line' id='line_1_21' title="bbox 185 2049 2553 2135; baseline 0.002 -22"><span class='ocrx_word' id='word_1_165' title='bbox 185 2049 263 2113; x_wconf 89' lang='lat' dir='ltr'><strong>in</strong></span> <span class='ocrx_word' id='word_1_166' title='bbox 301 2052 571 2134; x_wconf 87' lang='lat' dir='ltr'><strong>aspectu</strong></span> <span class='ocrx_word' id='word_1_167' title='bbox 607 2049 958 2115; x_wconf 90' lang='lat' dir='ltr'><strong>Messalina</strong></span> <span class='ocrx_word' id='word_1_168' title='bbox 992 2051 1501 2135; x_wconf 87' lang='lat' dir='ltr'><strong>clamitabatque</strong></span> <span class='ocrx_word' id='word_1_169' title='bbox 1548 2051 1801 2116; x_wconf 91' lang='lat' dir='ltr'><strong>audiret</strong></span> <span class='ocrx_word' id='word_1_170' title='bbox 1838 2050 2145 2117; x_wconf 89' lang='lat' dir='ltr'><strong>Octaviae</strong></span> <span class='ocrx_word' id='word_1_171' title='bbox 2194 2056 2261 2117; x_wconf 88' lang='lat' dir='ltr'><strong>et</strong></span> <span class='ocrx_word' id='word_1_172' title='bbox 2295 2052 2553 2119; x_wconf 91' lang='lat' dir='ltr'><strong>Britan-</strong></span> 
     </span>
     <span class='ocr_line' id='line_1_22' title="bbox 184 2139 2554 2226; baseline 0.001 -24"><span class='ocrx_word' id='word_1_173' title='bbox 184 2139 324 2205; x_wconf 90' lang='lat' dir='ltr'><strong>nici</strong></span> <span class='ocrx_word' id='word_1_174' title='bbox 372 2141 675 2222; x_wconf 89' lang='lat' dir='ltr'><strong>matrem,</strong></span> <span class='ocrx_word' id='word_1_175' title='bbox 725 2161 871 2204; x_wconf 89' lang='lat' dir='ltr'><strong>cum</strong></span> <span class='ocrx_word' id='word_1_176' title='bbox 920 2139 1292 2223; x_wconf 88' lang='lat' dir='ltr'><strong>obstrepere</strong></span> <span class='ocrx_word' id='word_1_177' title='bbox 1340 2144 1700 2224; x_wconf 87' lang='lat' dir='ltr'><strong>accusator,</strong></span> <span class='ocrx_word' id='word_1_178' title='bbox 1761 2139 1989 2206; x_wconf 85' lang='lat' dir='ltr'><strong>Silium</strong></span> <span class='ocrx_word' id='word_1_179' title='bbox 2038 2144 2105 2205; x_wconf 89' lang='lat' dir='ltr'><strong>et</strong></span> <span class='ocrx_word' id='word_1_180' title='bbox 2148 2142 2411 2226; x_wconf 90' lang='lat' dir='ltr'><strong>nuptias</strong></span> <span class='ocrx_word' id='word_1_181' title='bbox 2457 2162 2554 2205; x_wconf 91' lang='lat' dir='ltr'><strong>re-</strong></span> 
     </span>
    </p>
   </div>
   <div class='ocr_carea' id='block_1_7' title="bbox 183 2227 2660 2316">
    <p class='ocr_par' dir='ltr' id='par_1_7' title="bbox 183 2227 2660 2316">
     <span class='ocr_line' id='line_1_23' title="bbox 183 2227 2660 2316; baseline 0.001 -24"><span class='ocrx_word' id='word_1_182' title='bbox 183 2227 436 2313; x_wconf 85' lang='lat' dir='ltr'><strong>ferens;</strong></span> <span class='ocrx_word' id='word_1_183' title='bbox 495 2227 688 2292; x_wconf 90' lang='lat' dir='ltr'><strong>simul</strong></span> <span class='ocrx_word' id='word_1_184' title='bbox 735 2228 1065 2293; x_wconf 90' lang='lat' dir='ltr'><strong>codicillos</strong></span> <span class='ocrx_word' id='word_1_185' title='bbox 1120 2228 1466 2294; x_wconf 89' lang='lat' dir='ltr'><strong>libidinum</strong></span> <span class='ocrx_word' id='word_1_186' title='bbox 1520 2229 1763 2295; x_wconf 88' lang='lat' dir='ltr'><strong>indices</strong></span> <span class='ocrx_word' id='word_1_187' title='bbox 1818 2230 2111 2314; x_wconf 87' lang='lat' dir='ltr'><strong>tradidit,</strong></span> <span class='ocrx_word' id='word_1_188' title='bbox 2172 2230 2316 2316; x_wconf 90' lang='lat' dir='ltr'><strong>quis</strong></span> <span class='ocrx_word' id='word_1_189' title='bbox 2371 2230 2551 2296; x_wconf 89' lang='lat' dir='ltr'><strong>visus</strong></span> <span class='ocrx_word' id='word_1_190' title='bbox 2595 2245 2660 2295; x_wconf 90' lang='lat'><strong>10</strong></span> 
     </span>
    </p>
   </div>
   <div class='ocr_carea' id='block_1_8' title="bbox 182 2315 2555 2672">
    <p class='ocr_par' dir='ltr' id='par_1_8' title="bbox 182 2315 2555 2672">
     <span class='ocr_line' id='line_1_24' title="bbox 187 2315 2555 2406; baseline 0.001 -24"><span class='ocrx_word' id='word_1_191' title='bbox 187 2315 493 2383; x_wconf 86' lang='lat' dir='ltr'><strong>Caesaris</strong></span> <span class='ocrx_word' id='word_1_192' title='bbox 549 2320 883 2385; x_wconf 87' lang='lat' dir='ltr'><strong>averteret.</strong></span> <span class='ocrx_word' id='word_1_193' title='bbox 964 2340 1082 2384; x_wconf 87' lang='lat' dir='ltr'><strong>nec</strong></span> <span class='ocrx_word' id='word_1_194' title='bbox 1137 2319 1346 2385; x_wconf 92' lang='lat' dir='ltr'><strong>multo</strong></span> <span class='ocrx_word' id='word_1_195' title='bbox 1402 2323 1554 2403; x_wconf 87' lang='lat' dir='ltr'><strong>post</strong></span> <span class='ocrx_word' id='word_1_196' title='bbox 1605 2320 1834 2385; x_wconf 89' lang='lat' dir='ltr'><strong>urbem</strong></span> <span class='ocrx_word' id='word_1_197' title='bbox 1886 2319 2277 2406; x_wconf 87' lang='lat' dir='ltr'><strong>ingredienti</strong></span> <span class='ocrx_word' id='word_1_198' title='bbox 2332 2320 2555 2385; x_wconf 88' lang='lat' dir='ltr'><strong>offere-</strong></span> 
     </span>
     <span class='ocr_line' id='line_1_25' title="bbox 187 2407 2555 2492; baseline 0.002 -21"><span class='ocrx_word' id='word_1_199' title='bbox 187 2407 436 2472; x_wconf 90' lang='lat' dir='ltr'><strong>bantur</strong></span> <span class='ocrx_word' id='word_1_200' title='bbox 482 2428 855 2472; x_wconf 90' lang='lat' dir='ltr'><strong>communes</strong></span> <span class='ocrx_word' id='word_1_201' title='bbox 900 2407 1117 2492; x_wconf 89' lang='lat' dir='ltr'><strong>liberi,</strong></span> <span class='ocrx_word' id='word_1_202' title='bbox 1172 2408 1301 2473; x_wconf 85' lang='lat' dir='ltr'><strong>nisi</strong></span> <span class='ocrx_word' id='word_1_203' title='bbox 1344 2408 1693 2475; x_wconf 84' lang='lat' dir='ltr'><strong>Narcissus</strong></span> <span class='ocrx_word' id='word_1_204' title='bbox 1742 2409 2028 2474; x_wconf 91' lang='lat' dir='ltr'><strong>amoveri</strong></span> <span class='ocrx_word' id='word_1_205' title='bbox 2076 2430 2188 2474; x_wconf 89' lang='lat' dir='ltr'><strong>eos</strong></span> <span class='ocrx_word' id='word_1_206' title='bbox 2241 2408 2555 2476; x_wconf 85' lang='lat' dir='ltr'><strong>iussisset.</strong></span> 
     </span>
     <span class='ocr_line' id='line_1_26' title="bbox 184 2494 2555 2583; baseline 0 -22"><span class='ocrx_word' id='word_1_207' title='bbox 184 2495 536 2561; x_wconf 87' lang='lat' dir='ltr'><strong>Vibidiam</strong></span> <span class='ocrx_word' id='word_1_208' title='bbox 583 2494 904 2581; x_wconf 88' lang='lat' dir='ltr'><strong>depellere</strong></span> <span class='ocrx_word' id='word_1_209' title='bbox 940 2497 1249 2582; x_wconf 88' lang='lat' dir='ltr'><strong>nequivit,</strong></span> <span class='ocrx_word' id='word_1_210' title='bbox 1298 2498 1455 2581; x_wconf 88' lang='lat' dir='ltr'><strong>quin</strong></span> <span class='ocrx_word' id='word_1_211' title='bbox 1499 2497 1706 2562; x_wconf 92' lang='lat' dir='ltr'><strong>multa</strong></span> <span class='ocrx_word' id='word_1_212' title='bbox 1744 2520 1888 2564; x_wconf 88' lang='lat' dir='ltr'><strong>cum</strong></span> <span class='ocrx_word' id='word_1_213' title='bbox 1934 2497 2182 2562; x_wconf 89' lang='lat' dir='ltr'><strong>invidia</strong></span> <span class='ocrx_word' id='word_1_214' title='bbox 2227 2497 2555 2583; x_wconf 87' lang='lat' dir='ltr'><strong>flagitaret</strong></span> 
     </span>
     <span class='ocr_line' id='line_1_27' title="bbox 182 2585 2552 2672; baseline 0 -22"><span class='ocrx_word' id='word_1_215' title='bbox 182 2607 272 2650; x_wconf 91' lang='lat' dir='ltr'><strong>ne</strong></span> <span class='ocrx_word' id='word_1_216' title='bbox 319 2585 660 2650; x_wconf 89' lang='lat' dir='ltr'><strong>indefensa</strong></span> <span class='ocrx_word' id='word_1_217' title='bbox 708 2585 988 2651; x_wconf 83' lang='lat' dir='ltr'><strong>coniunx</strong></span> <span class='ocrx_word' id='word_1_218' title='bbox 1036 2586 1231 2651; x_wconf 86' lang='lat' dir='ltr'><strong>exitio</strong></span> <span class='ocrx_word' id='word_1_219' title='bbox 1291 2587 1568 2652; x_wconf 89' lang='lat' dir='ltr'><strong>daretur.</strong></span> <span class='ocrx_word' id='word_1_220' title='bbox 1643 2587 1846 2672; x_wconf 91' lang='lat' dir='ltr'><strong>igitur</strong></span> <span class='ocrx_word' id='word_1_221' title='bbox 1894 2586 2263 2651; x_wconf 86' lang='lat' dir='ltr'><strong>auditurum</strong></span> <span class='ocrx_word' id='word_1_222' title='bbox 2313 2587 2552 2671; x_wconf 90' lang='lat' dir='ltr'><strong>princi·</strong></span> 
     </span>
    </p>
   </div>
   <div class='ocr_carea' id='block_1_9' title="bbox 181 2674 2656 2760">
    <p class='ocr_par' dir='ltr' id='par_1_9' title="bbox 181 2674 2656 2760">
     <span class='ocr_line' id='line_1_28' title="bbox 181 2674 2656 2760; baseline 0 -20"><span class='ocrx_word' id='word_1_223' title='bbox 181 2696 343 2759; x_wconf 87' lang='lat' dir='ltr'><strong>pem</strong></span> <span class='ocrx_word' id='word_1_224' title='bbox 382 2678 449 2739; x_wconf 88' lang='lat' dir='ltr'><strong>et</strong></span> <span class='ocrx_word' id='word_1_225' title='bbox 483 2674 623 2739; x_wconf 91' lang='lat' dir='ltr'><strong>fore</strong></span> <span class='ocrx_word' id='word_1_226' title='bbox 659 2674 944 2740; x_wconf 89' lang='lat' dir='ltr'><strong>diluendi</strong></span> <span class='ocrx_word' id='word_1_227' title='bbox 981 2675 1264 2740; x_wconf 87' lang='lat' dir='ltr'><strong>criminis</strong></span> <span class='ocrx_word' id='word_1_228' title='bbox 1301 2674 1680 2740; x_wconf 90' lang='lat' dir='ltr'><strong>facultatem</strong></span> <span class='ocrx_word' id='word_1_229' title='bbox 1718 2674 2079 2760; x_wconf 85' lang='lat' dir='ltr'><strong>respondit:</strong></span> <span class='ocrx_word' id='word_1_230' title='bbox 2126 2676 2253 2741; x_wconf 91' lang='lat' dir='ltr'><strong>iret</strong></span> <span class='ocrx_word' id='word_1_231' title='bbox 2288 2675 2549 2742; x_wconf 88' lang='lat' dir='ltr'><strong>interim</strong></span> <span class='ocrx_word' id='word_1_232' title='bbox 2591 2692 2656 2741; x_wconf 78' lang='lat'><strong>15</strong></span> 
     </span>
    </p>
   </div>
   <div class='ocr_carea' id='block_1_10' title="bbox 185 2764 1149 2849">
    <p class='ocr_par' dir='ltr' id='par_1_10' title="bbox 185 2764 1149 2849">
     <span class='ocr_line' id='line_1_29' title="bbox 185 2764 1149 2849; baseline 0.002 -22"><span class='ocrx_word' id='word_1_233' title='bbox 185 2764 384 2849; x_wconf 86' lang='lat' dir='ltr'><strong>virgo</strong></span> <span class='ocrx_word' id='word_1_234' title='bbox 433 2766 498 2828; x_wconf 90' lang='lat' dir='ltr'><strong>et</strong></span> <span class='ocrx_word' id='word_1_235' title='bbox 544 2784 725 2829; x_wconf 90' lang='lat' dir='ltr'><strong>sacra</strong></span> <span class='ocrx_word' id='word_1_236' title='bbox 772 2767 1149 2848; x_wconf 88' lang='lat' dir='ltr'><strong>capesseret.</strong></span> 
     </span>
    </p>
   </div>
   <div class='ocr_carea' id='block_1_11' title="bbox 181 2992 1315 3134">
    <p class='ocr_par' dir='ltr' id='par_1_11' title="bbox 181 2992 1315 3134">
     <span class='ocr_line' id='line_1_30' title="bbox 263 2992 1315 3048; baseline 0.002 -2"><span class='ocrx_word' id='word_1_237' title='bbox 263 2998 353 3045; x_wconf 91' lang='lat'><strong>11.</strong></span> <span class='ocrx_word' id='word_1_238' title='bbox 382 2992 541 3047; x_wconf 76' lang='lat' dir='ltr'><strong>adire</strong></span> <span class='ocrx_word' id='word_1_239' title='bbox 567 3008 732 3047; x_wconf 79' lang='lat' dir='ltr'><strong>aures</strong></span> <span class='ocrx_word' id='word_1_240' title='bbox 759 2993 999 3047; x_wconf 79' lang='lat' dir='ltr'><strong>alicuius</strong></span> <span class='ocrx_word' id='word_1_241' title='bbox 1036 2993 1179 3048; x_wconf 87' lang='lat' dir='ltr'><strong>statt</strong></span> <span class='ocrx_word' id='word_1_242' title='bbox 1214 2994 1315 3048; x_wconf 80' lang='lat' dir='ltr'><strong>ali·</strong></span> 
     </span>
     <span class='ocr_line' id='line_1_31' title="bbox 181 3062 1188 3134; baseline 0 -16"><span class='ocrx_word' id='word_1_243' title='bbox 181 3080 348 3134; x_wconf 76' lang='lat' dir='ltr'><strong>quem</strong></span> <span class='ocrx_word' id='word_1_244' title='bbox 381 3063 462 3117; x_wconf 89' lang='lat' dir='ltr'><strong>ist</strong></span> <span class='ocrx_word' id='word_1_245' title='bbox 496 3079 607 3118; x_wconf 89' lang='lat' dir='ltr'><strong>neu</strong></span> <span class='ocrx_word' id='word_1_246' title='bbox 641 3062 926 3133; x_wconf 83' lang='lat' dir='ltr'><strong>gebildete</strong></span> <span class='ocrx_word' id='word_1_247' title='bbox 961 3064 1188 3119; x_wconf 83' lang='lat' dir='ltr'><strong>Phrase.</strong></span> 
     </span>
    </p>
   </div>
   <div class='ocr_carea' id='block_1_12' title="bbox 182 3151 1319 3364">
    <p class='ocr_par' dir='ltr' id='par_1_12' title="bbox 182 3151 1319 3364">
     <span class='ocr_line' id='line_1_32' title="bbox 265 3151 1319 3208; baseline 0.002 -3"><span class='ocrx_word' id='word_1_248' title='bbox 265 3157 353 3206; x_wconf 82' lang='lat'><strong>12.</strong></span> <span class='ocrx_word' id='word_1_249' title='bbox 408 3153 473 3208; x_wconf 78' lang='lat' dir='ltr'><strong>id</strong></span> <span class='ocrx_word' id='word_1_250' title='bbox 528 3151 636 3207; x_wconf 88' lang='lat' dir='ltr'><strong>mit</strong></span> <span class='ocrx_word' id='word_1_251' title='bbox 698 3152 828 3207; x_wconf 91' lang='lat' dir='ltr'><strong>dem</strong></span> <span class='ocrx_word' id='word_1_252' title='bbox 883 3151 1122 3208; x_wconf 79' lang='lat' dir='ltr'><strong>Genetiv</strong></span> <span class='ocrx_word' id='word_1_253' title='bbox 1177 3153 1319 3207; x_wconf 87' lang='lat' dir='ltr'><strong>statt</strong></span> 
     </span>
     <span class='ocr_line' id='line_1_33' title="bbox 182 3222 1317 3294; baseline -0.001 -16"><span class='ocrx_word' id='word_1_254' title='bbox 182 3228 411 3289; x_wconf 78' lang='lat' dir='ltr'><strong>tantus,</strong></span> <span class='ocrx_word' id='word_1_255' title='bbox 459 3223 580 3279; x_wconf 87' lang='lat' dir='ltr'><strong>also</strong></span> <span class='ocrx_word' id='word_1_256' title='bbox 627 3223 938 3294; x_wconf 83' lang='lat' dir='ltr'><strong>steigernd,</strong></span> <span class='ocrx_word' id='word_1_257' title='bbox 993 3222 1069 3277; x_wconf 85' lang='lat' dir='ltr'><strong>ist</strong></span> <span class='ocrx_word' id='word_1_258' title='bbox 1113 3224 1317 3278; x_wconf 72' lang='lat' dir='ltr'><strong>hochst</strong></span> 
     </span>
     <span class='ocr_line' id='line_1_34' title="bbox 183 3293 647 3364; baseline -0.002 -15"><span class='ocrx_word' id='word_1_259' title='bbox 183 3293 647 3364; x_wconf 68' lang='lat' dir='ltr'><strong>ungewohnlich.</strong></span> 
     </span>
    </p>
   </div>
   <div class='ocr_carea' id='block_1_13' title="bbox 179 3436 1317 3776">
    <p class='ocr_par' dir='ltr' id='par_1_13' title="bbox 179 3436 1316 3635">
     <span class='ocr_line' id='line_1_35' title="bbox 259 3436 1316 3493; baseline -0.002 -1"><span class='ocrx_word' id='word_1_260' title='bbox 259 3436 363 3492; x_wconf 73' lang='lat'><strong>33.</strong></span> <span class='ocrx_word' id='word_1_261' title='bbox 404 3443 453 3490; x_wconf 89' lang='lat'><strong>1.</strong></span> <span class='ocrx_word' id='word_1_262' title='bbox 493 3454 530 3492; x_wconf 88' lang='lat' dir='ltr'><strong>a</strong></span> <span class='ocrx_word' id='word_1_263' title='bbox 568 3436 798 3493; x_wconf 80' lang='lat' dir='ltr'><strong>Caesare</strong></span> <span class='ocrx_word' id='word_1_264' title='bbox 843 3436 895 3493; x_wconf 89' lang='lat' dir='ltr'><strong>d.</strong></span> <span class='ocrx_word' id='word_1_265' title='bbox 934 3436 989 3491; x_wconf 86' lang='lat' dir='ltr'><strong>h.</strong></span> <span class='ocrx_word' id='word_1_266' title='bbox 1037 3452 1150 3491; x_wconf 91' lang='lat' dir='ltr'><strong>von</strong></span> <span class='ocrx_word' id='word_1_267' title='bbox 1187 3436 1316 3491; x_wconf 91' lang='lat' dir='ltr'><strong>dem</strong></span> 
     </span>
     <span class='ocr_line' id='line_1_36' title="bbox 183 3506 1315 3579; baseline 0.002 -18"><span class='ocrx_word' id='word_1_268' title='bbox 183 3506 394 3563; x_wconf 84' lang='lat' dir='ltr'><strong>Kaiser</strong></span> <span class='ocrx_word' id='word_1_269' title='bbox 411 3508 526 3563; x_wconf 89' lang='lat' dir='ltr'><strong>und</strong></span> <span class='ocrx_word' id='word_1_270' title='bbox 549 3507 760 3564; x_wconf 89' lang='lat' dir='ltr'><strong>seinem</strong></span> <span class='ocrx_word' id='word_1_271' title='bbox 781 3507 1033 3579; x_wconf 84' lang='lat' dir='ltr'><strong>Gefolge,</strong></span> <span class='ocrx_word' id='word_1_272' title='bbox 1062 3510 1315 3563; x_wconf 90' lang='lat' dir='ltr'><strong>nament-</strong></span> 
     </span>
     <span class='ocr_line' id='line_1_37' title="bbox 179 3578 656 3635; baseline 0 -1"><span class='ocrx_word' id='word_1_273' title='bbox 179 3580 305 3635; x_wconf 89' lang='lat' dir='ltr'><strong>lich</strong></span> <span class='ocrx_word' id='word_1_274' title='bbox 345 3578 656 3635; x_wconf 84' lang='lat' dir='ltr'><strong>Narcissus.</strong></span> 
     </span>
    </p>

    <p class='ocr_par' dir='ltr' id='par_1_14' title="bbox 258 3650 995 3720">
     <span class='ocr_line' id='line_1_38' title="bbox 258 3650 995 3720; baseline 0.001 -15"><span class='ocrx_word' id='word_1_275' title='bbox 258 3657 311 3705; x_wconf 88' lang='lat'><strong>3.</strong></span> <span class='ocrx_word' id='word_1_276' title='bbox 354 3651 460 3705; x_wconf 81' lang='lat' dir='ltr'><strong>levi</strong></span> <span class='ocrx_word' id='word_1_277' title='bbox 492 3650 995 3720; x_wconf 70' lang='lat' dir='ltr'><strong>„unzuverlassig“.</strong></span> 
     </span>
    </p>

    <p class='ocr_par' dir='ltr' id='par_1_15' title="bbox 256 3719 1317 3776">
     <span class='ocr_line' id='line_1_39' title="bbox 256 3719 1317 3776; baseline 0 0"><span class='ocrx_word' id='word_1_278' title='bbox 256 3728 311 3776; x_wconf 86' lang='lat'><strong>4.</strong></span> <span class='ocrx_word' id='word_1_279' title='bbox 352 3723 444 3776; x_wconf 77' lang='lat' dir='ltr'><strong>ius</strong></span> <span class='ocrx_word' id='word_1_280' title='bbox 469 3723 707 3776; x_wconf 79' lang='lat' dir='ltr'><strong>militum</strong></span> <span class='ocrx_word' id='word_1_281' title='bbox 744 3720 822 3776; x_wconf 90' lang='lat' dir='ltr'><strong>ist</strong></span> <span class='ocrx_word' id='word_1_282' title='bbox 854 3721 951 3776; x_wconf 89' lang='lat' dir='ltr'><strong>der</strong></span> <span class='ocrx_word' id='word_1_283' title='bbox 980 3719 1317 3776; x_wconf 89' lang='lat' dir='ltr'><strong>Oberbefehl</strong></span> 
     </span>
    </p>
   </div>
   <div class='ocr_carea' id='block_1_14' title="bbox 180 3792 873 3849">
    <p class='ocr_par' dir='ltr' id='par_1_16' title="bbox 180 3792 873 3849">
     <span class='ocr_line' id='line_1_40' title="bbox 180 3792 873 3849; baseline 0 -1"><span class='ocrx_word' id='word_1_284' title='bbox 180 3794 333 3848; x_wconf 76' lang='lat' dir='ltr'><strong>fiber</strong></span> <span class='ocrx_word' id='word_1_285' title='bbox 370 3793 462 3849; x_wconf 90' lang='lat' dir='ltr'><strong>die</strong></span> <span class='ocrx_word' id='word_1_286' title='bbox 499 3792 873 3848; x_wconf 69' lang='lat' dir='ltr'><strong>Pratorianer.</strong></span> 
     </span>
    </p>
   </div>
   <div class='ocr_carea' id='block_1_15' title="bbox 181 3882 1317 4010">
    <p class='ocr_par' dir='ltr' id='par_1_17' title="bbox 181 3882 1317 4010">
     <span class='ocr_line' id='line_1_41' title="bbox 260 3882 1317 3951; baseline -0.003 -12"><span class='ocrx_word' id='word_1_287' title='bbox 260 3888 312 3939; x_wconf 76' lang='grc' dir='ltr'><strong>ὅ.</strong></span> <span class='ocrx_word' id='word_1_288' title='bbox 352 3899 408 3938; x_wconf 80' lang='lat' dir='ltr'><strong>se</strong></span> <span class='ocrx_word' id='word_1_289' title='bbox 443 3883 629 3951; x_wconf 84' lang='lat' dir='ltr'><strong>offert,</strong></span> <span class='ocrx_word' id='word_1_290' title='bbox 673 3882 782 3937; x_wconf 84' lang='lat' dir='ltr'><strong>wie</strong></span> <span class='ocrx_word' id='word_1_291' title='bbox 821 3888 906 3951; x_wconf 81' lang='grc'><strong>16,</strong></span> <span class='ocrx_word' id='word_1_292' title='bbox 944 3888 1013 3937; x_wconf 81' lang='grc'><strong>26</strong></span> <span class='ocrx_word' id='word_1_293' title='bbox 1060 3882 1317 3950; x_wconf 84' lang='lat' dir='ltr'><strong>offerebat</strong></span> 
     </span>
     <span class='ocr_line' id='line_1_42' title="bbox 181 3953 1260 4010; baseline 0 -1"><span class='ocrx_word' id='word_1_294' title='bbox 181 3970 240 4010; x_wconf 82' lang='lat' dir='ltr'><strong>se</strong></span> <span class='ocrx_word' id='word_1_295' title='bbox 276 3955 706 4010; x_wconf 62' lang='lat' dir='ltr'><strong>intercessum-um</strong></span> <span class='ocrx_word' id='word_1_296' title='bbox 741 3959 965 4010; x_wconf 76' lang='lat' dir='ltr'><strong>senatus</strong></span> <span class='ocrx_word' id='word_1_297' title='bbox 1000 3953 1260 4009; x_wconf 66' lang='lat' dir='ltr'><strong>consulto.</strong></span> 
     </span>
    </p>
   </div>
   <div class='ocr_carea' id='block_1_16' title="bbox 185 4042 1316 4185">
    <p class='ocr_par' dir='ltr' id='par_1_18' title="bbox 185 4042 1316 4185">
     <span class='ocr_line' id='line_1_43' title="bbox 261 4042 1316 4099; baseline -0.002 0"><span class='ocrx_word' id='word_1_298' title='bbox 261 4050 312 4099; x_wconf 75' lang='lat'><strong>7.</strong></span> <span class='ocrx_word' id='word_1_299' title='bbox 349 4044 415 4099; x_wconf 89' lang='lat' dir='ltr'><strong>L.</strong></span> <span class='ocrx_word' id='word_1_300' title='bbox 442 4042 711 4099; x_wconf 85' lang='lat' dir='ltr'><strong>Vitellius</strong></span> <span class='ocrx_word' id='word_1_301' title='bbox 738 4042 811 4099; x_wconf 89' lang='lat' dir='ltr'><strong>ist</strong></span> <span class='ocrx_word' id='word_1_302' title='bbox 841 4042 940 4098; x_wconf 87' lang='lat' dir='ltr'><strong>der</strong></span> <span class='ocrx_word' id='word_1_303' title='bbox 966 4042 1181 4097; x_wconf 83' lang='lat' dir='ltr'><strong>Konsul</strong></span> <span class='ocrx_word' id='word_1_304' title='bbox 1219 4042 1316 4097; x_wconf 84' lang='lat' dir='ltr'><strong>des</strong></span> 
     </span>
     <span class='ocr_line' id='line_1_44' title="bbox 185 4113 994 4185; baseline -0.004 -14"><span class='ocrx_word' id='word_1_305' title='bbox 185 4116 427 4185; x_wconf 83' lang='lat' dir='ltr'><strong>vorigen</strong></span> <span class='ocrx_word' id='word_1_306' title='bbox 461 4115 686 4184; x_wconf 85' lang='lat' dir='ltr'><strong>Jahres;</strong></span> <span class='ocrx_word' id='word_1_307' title='bbox 726 4131 768 4169; x_wconf 88' lang='lat' dir='ltr'><strong>s.</strong></span> <span class='ocrx_word' id='word_1_308' title='bbox 806 4113 914 4184; x_wconf 76' lang='grc' dir='ltr'><strong>ΚΡ.</strong></span> <span class='ocrx_word' id='word_1_309' title='bbox 944 4119 994 4169; x_wconf 80' lang='lat'><strong>2.</strong></span> 
     </span>
    </p>
   </div>
   <div class='ocr_carea' id='block_1_17' title="bbox 185 4202 1318 4347">
    <p class='ocr_par' dir='ltr' id='par_1_19' title="bbox 185 4202 1318 4347">
     <span class='ocr_line' id='line_1_45' title="bbox 263 4202 1316 4273; baseline -0.003 -14"><span class='ocrx_word' id='word_1_310' title='bbox 263 4209 313 4260; x_wconf 74' lang='lat'><strong>7.</strong></span> <span class='ocrx_word' id='word_1_311' title='bbox 365 4203 611 4260; x_wconf 87' lang='lat' dir='ltr'><strong>Caecina</strong></span> <span class='ocrx_word' id='word_1_312' title='bbox 662 4220 782 4260; x_wconf 82' lang='lat' dir='ltr'><strong>war</strong></span> <span class='ocrx_word' id='word_1_313' title='bbox 836 4209 907 4258; x_wconf 82' lang='lat'><strong>42</strong></span> <span class='ocrx_word' id='word_1_314' title='bbox 955 4202 1169 4257; x_wconf 87' lang='lat' dir='ltr'><strong>Konsul</strong></span> <span class='ocrx_word' id='word_1_315' title='bbox 1221 4218 1316 4273; x_wconf 83' lang='lat' dir='ltr'><strong>ge·</strong></span> 
     </span>
     <span class='ocr_line' id='line_1_46' title="bbox 185 4274 1318 4347; baseline -0.001 -19"><span class='ocrx_word' id='word_1_316' title='bbox 185 4290 394 4331; x_wconf 78' lang='lat' dir='ltr'><strong>wesen.</strong></span> <span class='ocrx_word' id='word_1_317' title='bbox 416 4322 423 4327; x_wconf 94' lang='lat'><strong>.</strong></span> <span class='ocrx_word' id='word_1_318' title='bbox 445 4305 514 4316; x_wconf 93' lang='lat'>—</span> <span class='ocrx_word' id='word_1_319' title='bbox 563 4280 839 4347; x_wconf 74' lang='lat' dir='ltr'><strong>yestamen</strong></span> <span class='ocrx_word' id='word_1_320' title='bbox 881 4274 1152 4330; x_wconf 88' lang='lat' dir='ltr'><strong>bedeutet</strong></span> <span class='ocrx_word' id='word_1_321' title='bbox 1195 4274 1318 4328; x_wconf 90' lang='lat' dir='ltr'><strong>hier</strong></span> 
     </span>
    </p>
   </div>
   <div class='ocr_carea' id='block_1_18' title="bbox 1421 2993 2556 3347">
    <p class='ocr_par' dir='ltr' id='par_1_20' title="bbox 1421 2993 2556 3347">
     <span class='ocr_line' id='line_1_47' title="bbox 1422 2993 2554 3063; baseline 0.001 -16"><span class='ocrx_word' id='word_1_322' title='bbox 1422 2994 1578 3047; x_wconf 79' lang='lat' dir='ltr'><strong>wohl</strong></span> <span class='ocrx_word' id='word_1_323' title='bbox 1636 2993 2004 3063; x_wconf 69' lang='lat' dir='ltr'><strong>„Fabi-welk,</strong></span> <span class='ocrx_word' id='word_1_324' title='bbox 2059 2994 2313 3062; x_wconf 85' lang='lat' dir='ltr'><strong>Wagen“</strong></span> <span class='ocrx_word' id='word_1_325' title='bbox 2328 3035 2341 3062; x_wconf 96' lang='lat'><strong>,</strong></span> <span class='ocrx_word' id='word_1_326' title='bbox 2395 2993 2554 3048; x_wconf 90' lang='lat' dir='ltr'><strong>nicht</strong></span> 
     </span>
     <span class='ocr_line' id='line_1_48' title="bbox 1425 3064 2556 3135; baseline 0.003 -18"><span class='ocrx_word' id='word_1_327' title='bbox 1425 3064 1692 3132; x_wconf 55' lang='lat' dir='ltr'><strong>„Sanftffl</strong></span> <span class='ocrx_word' id='word_1_328' title='bbox 1759 3070 1842 3131; x_wconf 90' lang='lat'><strong>14,</strong></span> <span class='ocrx_word' id='word_1_329' title='bbox 1889 3070 1941 3119; x_wconf 84' lang='grc'><strong>4.</strong></span> <span class='ocrx_word' id='word_1_330' title='bbox 1999 3069 2084 3135; x_wconf 82' lang='lat'><strong>15,</strong></span> <span class='ocrx_word' id='word_1_331' title='bbox 2131 3070 2198 3120; x_wconf 82' lang='lat'><strong>57</strong></span> <span class='ocrx_word' id='word_1_332' title='bbox 2257 3066 2556 3135; x_wconf 73' lang='lat' dir='ltr'><strong>qeetamine</strong></span> 
     </span>
     <span class='ocr_line' id='line_1_49' title="bbox 1422 3133 2554 3191; baseline 0 -1"><span class='ocrx_word' id='word_1_333' title='bbox 1422 3136 1601 3191; x_wconf 76' lang='lat' dir='ltr'><strong>sellae.</strong></span> <span class='ocrx_word' id='word_1_334' title='bbox 1669 3133 1754 3189; x_wconf 89' lang='lat' dir='ltr'><strong>Im</strong></span> <span class='ocrx_word' id='word_1_335' title='bbox 1804 3136 2086 3191; x_wconf 87' lang='lat' dir='ltr'><strong>silbernen</strong></span> <span class='ocrx_word' id='word_1_336' title='bbox 2132 3135 2335 3191; x_wconf 86' lang='lat' dir='ltr'><strong>Latein</strong></span> <span class='ocrx_word' id='word_1_337' title='bbox 2381 3135 2554 3191; x_wconf 65' lang='lat' dir='ltr'><strong>hei-[st</strong></span> 
     </span>
     <span class='ocr_line' id='line_1_50' title="bbox 1421 3207 2549 3277; baseline 0 -16"><span class='ocrx_word' id='word_1_338' title='bbox 1421 3208 1630 3277; x_wconf 71' lang='lat' dir='ltr'><strong>qestari</strong></span> <span class='ocrx_word' id='word_1_339' title='bbox 1654 3207 1800 3262; x_wconf 87' lang='lat' dir='ltr'><strong>auch</strong></span> <span class='ocrx_word' id='word_1_340' title='bbox 1827 3207 2114 3277; x_wconf 74' lang='lat' dir='ltr'><strong>„fabren“,</strong></span> <span class='ocrx_word' id='word_1_341' title='bbox 2141 3208 2373 3277; x_wconf 70' lang='lat' dir='ltr'><strong>qestatio</strong></span> <span class='ocrx_word' id='word_1_342' title='bbox 2399 3207 2549 3262; x_wconf 87' lang='lat' dir='ltr'><strong>auch</strong></span> 
     </span>
     <span class='ocr_line' id='line_1_51' title="bbox 1423 3278 1819 3347; baseline 0.003 -15"><span class='ocrx_word' id='word_1_343' title='bbox 1423 3278 1516 3332; x_wconf 89' lang='lat' dir='ltr'><strong>die</strong></span> <span class='ocrx_word' id='word_1_344' title='bbox 1557 3278 1819 3347; x_wconf 85' lang='lat' dir='ltr'><strong>,‚Fahrt“.</strong></span> 
     </span>
    </p>
   </div>
   <div class='ocr_carea' id='block_1_19' title="bbox 1427 3416 2552 3561">
    <p class='ocr_par' dir='ltr' id='par_1_21' title="bbox 1427 3416 2552 3561">
     <span class='ocr_line' id='line_1_52' title="bbox 1494 3416 2552 3489; baseline -0.002 -13"><span class='ocrx_word' id='word_1_345' title='bbox 1494 3416 1590 3476; x_wconf 77' lang='lat'><strong>34.</strong></span> <span class='ocrx_word' id='word_1_346' title='bbox 1648 3426 1697 3476; x_wconf 80' lang='lat'><strong>2.</strong></span> <span class='ocrx_word' id='word_1_347' title='bbox 1750 3420 1909 3475; x_wconf 83' lang='lat' dir='ltr'><strong>modo</strong></span> <span class='ocrx_word' id='word_1_348' title='bbox 1946 3451 2014 3460; x_wconf 90' lang='lat'>—</span> <span class='ocrx_word' id='word_1_349' title='bbox 2052 3420 2384 3489; x_wconf 76' lang='lat' dir='ltr'><strong>aliquanda,</strong></span> <span class='ocrx_word' id='word_1_350' title='bbox 2444 3418 2552 3474; x_wconf 84' lang='lat' dir='ltr'><strong>wie</strong></span> 
     </span>
     <span class='ocr_line' id='line_1_53' title="bbox 1427 3489 2549 3561; baseline -0.001 -16"><span class='ocrx_word' id='word_1_351' title='bbox 1427 3498 1476 3561; x_wconf 78' lang='lat'><strong>1,</strong></span> <span class='ocrx_word' id='word_1_352' title='bbox 1496 3497 1581 3546; x_wconf 83' lang='lat'><strong>81.</strong></span> <span class='ocrx_word' id='word_1_353' title='bbox 1620 3496 1670 3559; x_wconf 86' lang='grc'><strong>6,</strong></span> <span class='ocrx_word' id='word_1_354' title='bbox 1692 3496 1761 3546; x_wconf 76' lang='lat'><strong>35</strong></span> <span class='ocrx_word' id='word_1_355' title='bbox 1792 3491 1907 3545; x_wconf 92' lang='lat' dir='ltr'><strong>und</strong></span> <span class='ocrx_word' id='word_1_356' title='bbox 1937 3491 2095 3560; x_wconf 69' lang='lat' dir='ltr'><strong>oft-er,</strong></span> <span class='ocrx_word' id='word_1_357' title='bbox 2130 3490 2206 3546; x_wconf 89' lang='lat' dir='ltr'><strong>ist</strong></span> <span class='ocrx_word' id='word_1_358' title='bbox 2233 3489 2549 3546; x_wconf 85' lang='lat' dir='ltr'><strong>taciteisch.</strong></span> 
     </span>
    </p>
   </div>
   <div class='ocr_carea' id='block_1_20' title="bbox 1425 3576 2552 3719">
    <p class='ocr_par' dir='ltr' id='par_1_22' title="bbox 1425 3576 2552 3719">
     <span class='ocr_line' id='line_1_54' title="bbox 1496 3576 2552 3635; baseline -0.001 -1"><span class='ocrx_word' id='word_1_359' title='bbox 1496 3586 1546 3634; x_wconf 93' lang='lat'><strong>4.</strong></span> <span class='ocrx_word' id='word_1_360' title='bbox 1583 3576 1794 3635; x_wconf 74' lang='lat' dir='ltr'><strong>instare</strong></span> <span class='ocrx_word' id='word_1_361' title='bbox 1821 3578 1927 3633; x_wconf 91' lang='lat' dir='ltr'><strong>mit</strong></span> <span class='ocrx_word' id='word_1_362' title='bbox 1963 3580 2091 3634; x_wconf 90' lang='lat' dir='ltr'><strong>dem</strong></span> <span class='ocrx_word' id='word_1_363' title='bbox 2120 3578 2367 3635; x_wconf 87' lang='lat' dir='ltr'><strong>Infinitiv</strong></span> <span class='ocrx_word' id='word_1_364' title='bbox 2404 3579 2552 3635; x_wconf 88' lang='lat' dir='ltr'><strong>auch</strong></span> 
     </span>
     <span class='ocr_line' id='line_1_55' title="bbox 1425 3648 2183 3719; baseline -0.004 -12"><span class='ocrx_word' id='word_1_365' title='bbox 1425 3651 1564 3719; x_wconf 65' lang='lat' dir='ltr'><strong>Cio„</strong></span> <span class='ocrx_word' id='word_1_366' title='bbox 1602 3649 1695 3705; x_wconf 89' lang='lat' dir='ltr'><strong>bei</strong></span> <span class='ocrx_word' id='word_1_367' title='bbox 1734 3649 1867 3705; x_wconf 87' lang='lat' dir='ltr'><strong>Tac.</strong></span> <span class='ocrx_word' id='word_1_368' title='bbox 1903 3668 2010 3705; x_wconf 88' lang='lat' dir='ltr'><strong>nur</strong></span> <span class='ocrx_word' id='word_1_369' title='bbox 2045 3648 2183 3705; x_wconf 90' lang='lat' dir='ltr'><strong>hier.</strong></span> 
     </span>
    </p>
   </div>
   <div class='ocr_carea' id='block_1_21' title="bbox 1423 3739 2547 4040">
    <p class='ocr_par' dir='ltr' id='par_1_23' title="bbox 1423 3739 2547 3953">
     <span class='ocr_line' id='line_1_56' title="bbox 1497 3739 2546 3809; baseline -0.001 -15"><span class='ocrx_word' id='word_1_370' title='bbox 1497 3745 1546 3796; x_wconf 89' lang='lat'><strong>5.</strong></span> <span class='ocrx_word' id='word_1_371' title='bbox 1583 3755 1697 3795; x_wconf 78' lang='lat' dir='ltr'><strong>‘non</strong></span> <span class='ocrx_word' id='word_1_372' title='bbox 1724 3739 1963 3808; x_wconf 79' lang='lat' dir='ltr'><strong>pervicit</strong></span> <span class='ocrx_word' id='word_1_373' title='bbox 1988 3740 2127 3809; x_wconf 75' lang='lat' dir='ltr'><strong>quin</strong></span> <span class='ocrx_word' id='word_1_374' title='bbox 2152 3740 2229 3794; x_wconf 89' lang='lat' dir='ltr'><strong>ist</strong></span> <span class='ocrx_word' id='word_1_375' title='bbox 2255 3756 2389 3806; x_wconf 78' lang='lat' dir='ltr'><strong>neu3</strong></span> <span class='ocrx_word' id='word_1_376' title='bbox 2428 3739 2546 3808; x_wconf 85' lang='lat' dir='ltr'><strong>vgl.</strong></span> 
     </span>
     <span class='ocr_line' id='line_1_57' title="bbox 1424 3810 2547 3879; baseline 0 -14"><span class='ocrx_word' id='word_1_377' title='bbox 1424 3810 1544 3865; x_wconf 85' lang='lat' dir='ltr'><strong>Liv.</strong></span> <span class='ocrx_word' id='word_1_378' title='bbox 1591 3817 1642 3879; x_wconf 88' lang='lat'><strong>4,</strong></span> <span class='ocrx_word' id='word_1_379' title='bbox 1690 3816 1777 3878; x_wconf 87' lang='lat'><strong>44,</strong></span> <span class='ocrx_word' id='word_1_380' title='bbox 1829 3816 1862 3864; x_wconf 81' lang='lat'><strong>2</strong></span> <span class='ocrx_word' id='word_1_381' title='bbox 1912 3826 2010 3865; x_wconf 76' lang='lat' dir='ltr'><strong>nec</strong></span> <span class='ocrx_word' id='word_1_382' title='bbox 2057 3814 2299 3879; x_wconf 75' lang='lat' dir='ltr'><strong>potestas</strong></span> <span class='ocrx_word' id='word_1_383' title='bbox 2352 3811 2547 3866; x_wconf 79' lang='lat' dir='ltr'><strong>horum</strong></span> 
     </span>
     <span class='ocr_line' id='line_1_58' title="bbox 1423 3882 2166 3953; baseline 0 -16"><span class='ocrx_word' id='word_1_384' title='bbox 1423 3882 1603 3940; x_wconf 80' lang='lat' dir='ltr'><strong>valuit</strong></span> <span class='ocrx_word' id='word_1_385' title='bbox 1637 3883 1775 3952; x_wconf 78' lang='lat' dir='ltr'><strong>quin</strong></span> <span class='ocrx_word' id='word_1_386' title='bbox 1804 3882 2166 3953; x_wconf 75' lang='lat' dir='ltr'><strong>praeferrent.</strong></span> 
     </span>
    </p>

    <p class='ocr_par' dir='ltr' id='par_1_24' title="bbox 1497 3968 2543 4040">
     <span class='ocr_line' id='line_1_59' title="bbox 1497 3968 2543 4040; baseline -0.004 -13"><span class='ocrx_word' id='word_1_387' title='bbox 1497 3978 1547 4027; x_wconf 85' lang='grc'><strong>9.</strong></span> <span class='ocrx_word' id='word_1_388' title='bbox 1586 3987 1710 4026; x_wconf 75' lang='lat' dir='ltr'><strong>cam</strong></span> <span class='ocrx_word' id='word_1_389' title='bbox 1743 3971 2058 4040; x_wconf 58' lang='lat' dir='ltr'><strong>obstrepere.</strong></span> <span class='ocrx_word' id='word_1_390' title='bbox 2097 3968 2159 4026; x_wconf 81' lang='lat' dir='ltr'><strong>-S.</strong></span> <span class='ocrx_word' id='word_1_391' title='bbox 2197 3968 2343 4025; x_wconf 87' lang='lat' dir='ltr'><strong>Einl.</strong></span> <span class='ocrx_word' id='word_1_392' title='bbox 2380 3973 2427 4035; x_wconf 61' lang='grc' dir='ltr'><strong>ὅ.</strong></span> <span class='ocrx_word' id='word_1_393' title='bbox 2458 3975 2543 4025; x_wconf 83' lang='lat'><strong>92.</strong></span> 
     </span>
    </p>
   </div>
   <div class='ocr_carea' id='block_1_22' title="bbox 1422 4057 2549 4332">
    <p class='ocr_par' dir='ltr' id='par_1_25' title="bbox 1422 4057 2549 4332">
     <span class='ocr_line' id='line_1_60' title="bbox 1498 4057 2545 4128; baseline -0.002 -14"><span class='ocrx_word' id='word_1_394' title='bbox 1498 4067 1583 4117; x_wconf 92' lang='lat'><strong>11.</strong></span> <span class='ocrx_word' id='word_1_395' title='bbox 1611 4060 1980 4128; x_wconf 78' lang='lat' dir='ltr'><strong>offerebantur</strong></span> <span class='ocrx_word' id='word_1_396' title='bbox 2003 4090 2067 4100; x_wconf 91' lang='lat'>—</span> <span class='ocrx_word' id='word_1_397' title='bbox 2086 4059 2215 4114; x_wconf 79' lang='lat' dir='ltr'><strong>nisi.</strong></span> <span class='ocrx_word' id='word_1_398' title='bbox 2247 4058 2375 4128; x_wconf 80' lang='lat' dir='ltr'><strong>Vgl.</strong></span> <span class='ocrx_word' id='word_1_399' title='bbox 2397 4057 2545 4113; x_wconf 84' lang='lat' dir='ltr'><strong>Einl.</strong></span> 
     </span>
     <span class='ocr_line' id='line_1_61' title="bbox 1423 4138 2549 4273; baseline -0.001 -17"><span class='ocrx_word' id='word_1_400' title='bbox 1423 4138 1473 4198; x_wconf 43' lang='lat' dir='ltr'><strong>g·</strong></span> <span class='ocrx_word' id='word_1_401' title='bbox 1499 4138 1841 4259; x_wconf 43' lang='lat' dir='ltr'><strong>³223}an</strong></span> <span class='ocrx_word' id='word_1_402' title='bbox 1876 4201 2264 4273; x_wconf 79' lang='lat' dir='ltr'><strong>„Vorwfirfe“;</strong></span> <span class='ocrx_word' id='word_1_403' title='bbox 2304 4217 2365 4256; x_wconf 84' lang='lat' dir='ltr'><strong>so</strong></span> <span class='ocrx_word' id='word_1_404' title='bbox 2401 4199 2549 4256; x_wconf 65' lang='lat' dir='ltr'><strong>efter</strong></span> 
     </span>
     <span class='ocr_line' id='line_1_62' title="bbox 1422 4273 1798 4332; baseline 0.003 -1"><span class='ocrx_word' id='word_1_405' title='bbox 1422 4274 1518 4331; x_wconf 85' lang='lat' dir='ltr'><strong>bei</strong></span> <span class='ocrx_word' id='word_1_406' title='bbox 1556 4273 1798 4332; x_wconf 85' lang='lat' dir='ltr'><strong>Tacitus.</strong></span> 
     </span>
    </p>
   </div>
   <div class='ocr_carea' id='block_1_23' title="bbox 379 646 2666 802">
    <p class='ocr_par' dir='ltr' id='par_1_26' title="bbox 379 646 2666 802">
     <span class='ocr_line' id='line_1_63' title="bbox 379 646 2666 802; baseline 0.003 -24"><span class='ocrx_word' id='word_1_407' title='bbox 379 712 854 797; x_wconf 83' lang='lat' dir='ltr'><strong>Trepidabatur</strong></span> <span class='ocrx_word' id='word_1_408' title='bbox 897 712 1104 778; x_wconf 89' lang='lat' dir='ltr'><strong>nihilo</strong></span> <span class='ocrx_word' id='word_1_409' title='bbox 1142 713 1356 778; x_wconf 82' lang='lat' dir='ltr'><strong>minus</strong></span> <span class='ocrx_word' id='word_1_410' title='bbox 1406 736 1447 778; x_wconf 90' lang='lat' dir='ltr'><strong>a</strong></span> <span class='ocrx_word' id='word_1_411' title='bbox 1484 712 1790 782; x_wconf 83' lang='lat' dir='ltr'><strong>Caesare:</strong></span> <span class='ocrx_word' id='word_1_412' title='bbox 1840 717 2078 802; x_wconf 92' lang='lat' dir='ltr'><strong>quippe</strong></span> <span class='ocrx_word' id='word_1_413' title='bbox 2123 716 2329 784; x_wconf 85' lang='lat' dir='ltr'><strong>Getae</strong></span> <span class='ocrx_word' id='word_1_414' title='bbox 2376 741 2560 802; x_wconf 87' lang='lat' dir='ltr'><strong>prae·</strong></span> <span class='ocrx_word' id='word_1_415' title='bbox 2579 646 2666 784; x_wconf 55' lang='grc' dir='ltr'><strong>ἐξ»</strong></span> 
     </span>
    </p>
   </div>
  </div>
 </body>
</html>
