2867 4625
929 108 1151 163 LIBER
1187 108 1332 164 XVI.
1390 107 1546 163 CAP.
1590 113 1818 165 12—15.
2411 106 2543 172 227

183 267 555 337 factitatis
537 293 605 336 111
641 269 971 337 Neronem
1010 272 1405 340 carminibus
1443 272 1775 355 probrosis
1813 271 2027 357 exilio,
2072 274 2147 335 ut
2183 271 2334 356 dixi,
2379 272 2544 336 mul-

182 363 385 443 tatus,
453 364 798 444 postquam
863 361 930 426 id
992 361 1264 426 honoris
1328 361 1649 426 indicibus
1712 364 1977 447 tamque
2033 365 2406 445 promptum
2462 361 2544 426 ad

184 449 409 514 caedes
470 449 825 534 principem
884 451 1158 535 accepit,
1213 451 1468 535 inquies
1522 451 1741 516 animo
1795 453 1862 516 et
1908 451 2321 516 occasionum
2367 450 2544 515 haud

183 539 399 623 segnis
446 537 864 604 Pammenem
921 539 1206 604 eiusdem
1261 540 1390 605 loci
1447 541 1699 604 exulem
1755 543 1822 603 et
1875 537 2346 604 Chaldaeorum
2403 545 2543 605 arte
2580 553 2612 603 ὅ

182 627 508 692 famosum
555 649 756 712 eoque
802 629 1160 694 multorum
1209 628 1513 693 amicitiis
1564 629 1898 713 innexum,
1954 627 2373 693 similitudine
2409 628 2542 693 'for-

181 719 376 781 tunae
445 717 573 782 sibi
636 718 953 783 conciliat.
1054 718 1377 782 ventitare
1432 717 1514 782 ad
1570 739 1718 782 eum
1771 718 2039 782 nuntios
2098 719 2165 782 et
2219 718 2542 782 consulta·

181 805 390 870 tiones
438 827 576 870 non
619 806 863 871 frustra
908 809 1109 890 ratuS,
1157 806 1351 871 simul
1400 827 1681 872 annuam
1727 806 2069 890 pecuniam
2117 829 2157 870 a
2194 805 2264 871 P.
2304 807 2540 871 Anteio

183 895 546 959 ministrari
592 895 947 980 cognoscit,
994 916 1204 979 neque
1249 896 1541 961 nescium
1586 895 1874 961 habebat
1911 895 2221 960 Anteium
2268 896 2540 960 caritate

183 983 587 1068 Agrippinae
634 983 916 1049 invisum
952 983 1203 1050 Neroni
1252 1005 1533 1069 opesque
1573 985 1710 1050 eius
1748 985 2127 1070 praecipuas
2168 983 2247 1047 ad
2287 984 2540 1050 elicien-
2581 999 2646 1049 10

182 1071 322 1136 dam
363 1072 733 1157 cupidinem
771 1095 1040 1158 eamque
1079 1095 1341 1139 causam
1379 1073 1605 1138 multis
1645 1074 1843 1139 exitio
1883 1094 2041 1138 esse.
2104 1073 2308 1159 igitur
2343 1073 2538 1139 inter-

183 1162 380 1245 ceptis
428 1162 633 1226 Antei
687 1161 949 1246 litteris,
1006 1162 1260 1227 furatus
1309 1162 1510 1226 etiam
1556 1162 1844 1247 libellos,
1899 1162 2134 1248 quibus
2181 1161 2315 1226 dies
2364 1164 2540 1247 geni-

182 1250 324 1315 talis
373 1251 514 1317 eius
563 1254 630 1316 et
674 1254 984 1316 eventura
1031 1252 1299 1316 secretis
1345 1251 1722 1317 Pammenis
1769 1252 2289 1335 occultabantur,
2346 1252 2540 1316 simul

184 1340 451 1423 repertis
492 1362 658 1426 quae
697 1339 775 1403 de
811 1342 961 1404 ortu
999 1340 1260 1425 vitaque
1299 1338 1549 1406 Ostorii
1579 1338 1895 1424 Scapulae
1934 1340 2297 1424 composita
2333 1345 2538 1425 erant,

184 1429 401 1494 scribit
458 1430 543 1494 ad
587 1429 945 1513 principem
994 1449 1235 1514 magna
1282 1451 1350 1494 se
1397 1433 1465 1494 et
1512 1451 1676 1515 quae
1721 1430 2156 1496 incolumitati
2203 1430 2339 1494 eius
2387 1451 2537 1495 con·
2578 1443 2645 1494 15

185 1515 485 1583 ducerent
559 1519 950 1602 adlaturum,
1024 1519 1081 1583 si
1152 1519 1417 1585 brevem
1492 1519 1668 1583 exilii
1730 1520 1989 1583 veniam
2051 1518 2538 1602 inpetravisset3

185 1607 413 1691 quippe
452 1606 765 1673 Anteium
805 1611 871 1672 et
900 1606 1290 1674 Ostorium
1271 1608 1589 1673 mminere
1626 1607 1819 1673 rebus
1859 1611 1928 1673 et
1965 1629 2082 1672 sua
2112 1605 2537 1692 Caesarisque

185 1694 315 1759 fata
386 1697 683 1762 scrutari.
795 1696 943 1760 exin
1006 1697 1246 1762 missae
1309 1698 1669 1762 liburnicae
1737 1697 2199 1781 advehiturque
2265 1719 2538 1781 propere

186 1780 507 1851 Sosianus.
582 1806 656 1850 ac
698 1786 969 1869 vulgato
1009 1785 1146 1851 eius
1186 1785 1425 1851 indicio
1473 1787 1648 1851 inter
1692 1787 2035 1852 damnatos
2082 1786 2292 1870 magis
2343 1808 2537 1871 quam

183 1871 345 1939 inter
387 1896 539 1939 reos
587 1873 862 1939 Anteius
908 1873 1333 1961 Ostoriusque
1377 1874 1815 1961 habebantur,
1864 1874 2024 1940 adeo
2071 1878 2146 1939 ut
2189 1878 2538 1941 testamen·
2574 1891 2643 1939 20

183 1963 313 2026 tum
361 1964 563 2028 Antei
607 1985 799 2029 nemo
846 1963 1251 2049 obsignaret,
1304 1964 1435 2029 nisi
1491 1963 1855 2048 Tigellinus
1912 1967 2139 2029 auctor
2195 1964 2538 2048 extitisset,

183 2052 419 2117 monito
488 2053 667 2137 prius
720 2050 965 2117 Anteio
1020 2075 1102 2117 ne
1158 2074 1496 2138 supremas
1551 2053 1811 2119 tabulas
1867 2055 2249 2118 moraretur.
2342 2057 2536 2136 atque

184 2138 283 2204 ille
344 2141 586 2206 hausto
650 2163 929 2225 venene,
992 2143 1369 2268 tarditatem
1434 2142 1571 2206 eius
1635 2163 1907 2226 perosus
1971 2141 2292 2206 intercisis
2357 2142 2535 2207 venis

184 2233 449 2295 mortem
498 2230 970 2316 adproperavit.

349 2319 653 2386 Ostorius
698 2320 1074 2422 longinquis
1122 2321 1208 2385 111
1238 2305 1414 2407 agris
1464 2320 1636 2406 apud
1677 2320 1877 2384 finem
1914 2319 2231 2422 Ligur-’um
2266 2319 2333 2383 id
2371 2320 2647 2391 tem-15

187 2408 353 2487 poris
408 2412 570 2474 erat.
664 2431 739 2474 eo
797 2409 1038 2475 missus
1094 2410 1416 2493 centurio,
1481 2411 1592 2494 qui
1646 2410 1907 2475 caedem
1964 2409 2101 2474 eius
2159 2412 2533 2473 maturaret.

188 2515 368 2562 causa
412 2474 771 2563 festinandi
818 2520 896 2563 ex
941 2519 1018 2563 eo
1068 2499 1417 2583 oriebatur,
1463 2498 1637 2583 quod
1674 2496 1973 2564 Ostorius
2021 2497 2228 2562 multa
2264 2499 2534 2563 militari

252 2729 298 2776 2.
329 2726 629 2796 probrosis.
684 2726 945 2782 Disselbe
971 2727 1184 2782 Phrase
1213 2734 1298 2796 14,

189 2796 250 2846 48
270 2798 539 2862 probrosa
567 2798 827 2852 adversus
849 2798 1160 2867 principem
1178 2816 1300 2854 car·

188 2864 330 2919 mina
361 2868 658 2934 factitavit.
709 2868 1121 2924 Ebendaselbst
1156 2869 1298 2924 wird

191 2938 410 3008 erzahlt,
466 2937 586 2994 dass
632 2939 911 2994 Antistius
958 2940 1058 3008 (im
1106 2939 1157 2994 J.
1207 2945 1298 3012 62)

189 3020 369 3219 {wigen
433 3010 619 3136 seiger
680 3010 1110 3081 Spottgedichte
1173 3027 1297 3067 ver·

254 3082 352 3135 nnt
384 3098 502 3137 war

252 3170 557 3240 &inquiea
586 3171 731 3226 auch
760 3176 908 3237 6,18
938 3173 1182 3227 moribus
1208 3173 1295 3225 in—

191 3239 339 3302 quies.
390 3248 439 3310 1,
478 3247 563 3297 65.
606 3247 674 3297 74
709 3241 825 3296 und
864 3241 1036 3311 bfter,
1084 3243 1162 3297 ist
1196 3261 1297 3297 un-

190 3281 464 3438 ξὲἰῗέξῖοὴ,
493 3313 671 3369 findet
697 3312 819 3373 sich
846 3313 981 3368 aber
1008 3313 1184 3369 schon
1205 3313 1299 3368 bei

1408 2726 1742 2796 designiert,
1781 2727 1916 2782 aber
1950 2726 2012 2781 in
2045 2726 2190 2781 Rom
2227 2726 2532 2796 zuruckge-

1406 2797 1604 2853 halten
1642 2798 1817 2854 hatte.
1896 2804 1980 2865 13,
2017 2801 2103 2855 22.

1484 2874 1565 2925 12.
1595 2869 1712 2924 dies
1736 2869 1995 2941 genitalis
2020 2867 2349 2923 bezeichnet
2370 2868 2534 2923 nicht

1405 2959 1514 2995 nur
1540 2940 1641 2994 das
1668 2939 1896 3007 Datum,
1933 2939 2172 2995 sondern
2201 2940 2290 2994 die
2318 2938 2530 3009 gleich-

1406 3011 1608 3081 zeitige
1657 3011 1916 3081 Stellung
1959 3010 2060 3065 der
2095 3010 2392 3078 Planeten,
2439 3011 2530 3066 die

1404 3081 1837 3151 Konstellation,
1858 3083 2077 3150 positas
2101 3071 2342 3136 siderum
2362 3088 2413 3151 6,
2443 3088 2529 3138 21.

1403 3153 1533 3224 Vgl.
1559 3153 1981 3208 ebendaselbst.
2007 3154 2297 3223 yenitalem
2322 3154 2528 3237 horam.

1483 3231 1563 3279 13
1601 3225 1816 3280 secretis
1849 3223 2068 3279 scheint
2095 3243 2164 3278 zu
2191 3223 2431 3281 heissen.
2471 3226 2532 3280 in

1404 3294 1910 3379 geheimnisvollen
1944 3295 2377 3378 Andeutungen.

1482 3373 1566 3421 14.
1620 3366 1733 3421 Der
1801 3383 1951 3437 unge
1999 3366 2278 3434 Ostorius,
2332 3368 2530 3422 dessen

1405 3437 1581 3492 Vater
1633 3437 1713 3491 im
1768 3386 1818 3491 J.
1871 3443 1940 3492 50
1995 3439 2080 3492 als
2139 3437 2529 3493 Oberbefehls-

1404 3509 1582 3564 haber
1613 3508 1673 3561 in
1701 3508 2030 3563 Britannien
2058 3509 2232 3578 starb,
2269 3510 2410 3565 wird
2445 3515 2527 3577 12,

1404 3586 1473 3635 31
1513 3578 1805 3635 ehrenvoll
1840 3580 2106 3635 erwahnt.

1477 3638 1752 3707 23111161
1790 3650 1881 3706 die
1917 3667 2094 3721 1111168
2097 3650 2356 3719 6111131318
2356 3668 2387 3706 6
2414 3653 2527 3705 An-

1401 3720 1682 3792 wendung
1747 3722 1845 3777 des
1908 3670 2205 3777 absolguten
2265 3720 2527 3777 Ablativs

1399 3793 1597 3848 hausto
1645 3810 1846 3849 veneno
1892 3794 2000 3849 mit
2041 3791 2362 3863 folgendem
2411 3795 2528 3849 eius

256 3474 300 3522 5.
351 3475 529 3543 scynis
582 3473 688 3526 mit
734 3472 863 3527 dem
911 3471 1151 3527 Genetiv
1195 3491 1301 3527 nur

193 3531 303 3592 hier
334 3544 448 3597 und
486 3548 571 3613 14,
609 3549 695 3600 33.
761 3541 816 3600 S.
846 3542 994 3597 Einl.
1032 3548 1082 3609 5.
1112 3548 1196 3598 44.
1228 3575 1294 3583 -

194 3601 286 3663 Die
313 3587 585 3670 Chaldm'r
613 3616 749 3670 oder
773 3615 1143 3670 mathematici
1170 3614 1295 3669 sind

196 3677 523 3756 Astrologen.

245 3773 303 3829 ,6
336 3773 588 3842 innexus,
615 3774 954 3829 dichterisch
981 3775 1098 3828 und
1127 3776 1293 3829 nach-

196 3831 471 3915 klassisch,
526 3846 672 3900 auch
719 3851 888 3914 3,10
933 3847 1293 3901 conscientiae

159 3914 383 3968 ‘mams-
422 3924 471 3986 6,
508 3924 577 3972 36
609 3916 912 4000 Hyrcanis.
951 3915 1083 3972 hist.
1122 3923 1174 3987 4,
1204 3923 1288 3972 68.

199 3971 309 4047 vgl
347 3991 427 4057 16,
463 3995 530 4044 32
578 4004 691 4044 non
738 3988 1062 4044 criminibus
1102 3991 1293 4044 mariti

199 4061 408 4123 conexa,
442 4060 546 4116 wie
582 4060 755 4115 schon
790 4058 884 4114 bei
922 4057 1129 4115 Cicero.

261 4142 305 4193 8·
339 4143 395 4198 P
423 4147 657 4220 Antejus
683 4149 845 4203 hatte
872 4148 1138 4219 Ursache,
1165 4149 1291 4232 dem

201 4202 332 4265 Nero
365 4234 428 4272 zu
462 4226 696 4289 21113611,
744 4220 819 4274 da
860 4218 1042 4274 dieser
1075 4191 1175 4274 ih’n
1210 4221 1292 4275 im

201 4273 247 4327 J,
279 4286 340 4337 55
383 4306 502 4346 211111
549 4263 891 4348 Statthalter
934 4306 1044 4347 von
1092 4290 1290 4362 Syrien

1399 3865 1529 3935 vgl..
1555 3869 1641 3934 15,
1679 3871 1764 3920 30
1804 3870 2136 3934 51.14,10.

1472 4005 1884 4077 15.1.apud
1926 4009 2088 4075 finem
2135 4007 2278 4062 statt
2321 4008 2386 4061 in
2431 4024 2526 4063 em·

1399 4080 1612 4145 tremis,
1647 4078 1754 4134 wie
1791 4076 1909 4134 Liv.
1940 4084 1990 4146 9,
2020 4084 2069 4145 6,
2101 4083 2168 4132 10
2204 4083 2269 4133 at
2297 4080 2525 4147 profici-

1398 4156 1601 4206 scentes
1647 4151 1722 4205 ad
1756 4150 1919 4217 finem
1957 4147 2301 4219 Campanam
2336 4166 2523 4219 prose-

1398 4226 1708 4290 querentwr.
1748 4250 1815 4261 -—
1854 4222 1917 4275 id
1961 4222 2216 4293 temporis
2254 4223 2399 4278 auch
2439 4226 2523 4287 14,

1401 4298 1450 4346 2.
1493 4298 1579 4361 12,
1615 4298 1649 4371 8
1686 4292 1800 4346 und
1838 4294 1999 4362 oster,
2036 4293 2144 4348 wie
2180 4293 2271 4349 bei
2312 4292 2522 4350 016610.

1989 4383 2097 4436 15*
