<?xml version="1.0" encoding="UTF-8"?>
<!DOCTYPE html PUBLIC "-//W3C//DTD XHTML 1.0 Transitional//EN"
    "http://www.w3.org/TR/xhtml1/DTD/xhtml1-transitional.dtd">
<html xmlns="http://www.w3.org/1999/xhtml" xml:lang="en" lang="en">
 <head>
  <title>
</title>
<meta http-equiv="Content-Type" content="text/html;charset=utf-8" />
  <meta name='ocr-system' content='tesseract 3.04.00' />
  <meta name='ocr-capabilities' content='ocr_page ocr_carea ocr_par ocr_line ocrx_word'/>
</head>
<body>
  <div class='ocr_page' id='page_1' title='image "./dieannalendesta00draegoog_0504.png"; bbox 0 0 2867 4625; ppageno 0'>
   <div class='ocr_carea' id='block_1_1' title="bbox 424 111 2143 179">
    <p class='ocr_par' dir='ltr' id='par_1_1' title="bbox 424 111 2143 179">
     <span class='ocr_line' id='line_1_1' title="bbox 424 111 2143 179; baseline -0.005 -2"><span class='ocrx_word' id='word_1_1' title='bbox 424 113 558 179; x_wconf 84' lang='lat'>194</span> <span class='ocrx_word' id='word_1_2' title='bbox 1071 111 1420 168; x_wconf 86' lang='lat' dir='ltr'>CORNELII</span> <span class='ocrx_word' id='word_1_3' title='bbox 1457 113 1708 168; x_wconf 85' lang='lat' dir='ltr'>TACITI</span> <span class='ocrx_word' id='word_1_4' title='bbox 1743 114 2143 171; x_wconf 87' lang='lat' dir='ltr'>ANNALIUM</span> 
     </span>
    </p>
   </div>
   <div class='ocr_carea' id='block_1_2' title="bbox 309 274 2767 2676">
    <p class='ocr_par' dir='ltr' id='par_1_2' title="bbox 311 274 2725 632">
     <span class='ocr_line' id='line_1_2' title="bbox 311 274 2723 368; baseline 0.003 -29"><span class='ocrx_word' id='word_1_5' title='bbox 311 282 399 347; x_wconf 85' lang='lat'>38</span> <span class='ocrx_word' id='word_1_6' title='bbox 601 274 908 361; x_wconf 84' lang='lat' dir='ltr'>Sequitur</span> <span class='ocrx_word' id='word_1_7' title='bbox 971 276 1212 360; x_wconf 89' lang='lat' dir='ltr'>clades,</span> <span class='ocrx_word' id='word_1_8' title='bbox 1275 275 1444 341; x_wconf 84' lang='lat' dir='ltr'>forte</span> <span class='ocrx_word' id='word_1_9' title='bbox 1510 297 1595 341; x_wconf 92' lang='lat' dir='ltr'>an</span> <span class='ocrx_word' id='word_1_10' title='bbox 1658 275 1809 342; x_wconf 91' lang='lat' dir='ltr'>dolo</span> <span class='ocrx_word' id='word_1_11' title='bbox 1865 277 2179 363; x_wconf 90' lang='lat' dir='ltr'>principis</span> <span class='ocrx_word' id='word_1_12' title='bbox 2234 280 2534 346; x_wconf 88' lang='lat' dir='ltr'>incertum</span> <span class='ocrx_word' id='word_1_13' title='bbox 2584 279 2723 368; x_wconf 83' lang='lat' dir='ltr'>(nam</span> 
     </span>
     <span class='ocr_line' id='line_1_3' title="bbox 421 362 2725 456; baseline 0.002 -25"><span class='ocrx_word' id='word_1_14' title='bbox 421 369 766 450; x_wconf 87' lang='lat' dir='ltr'>utrumque</span> <span class='ocrx_word' id='word_1_15' title='bbox 815 369 1110 431; x_wconf 75' lang='lat' dir='ltr'><strong>auctores</strong></span> <span class='ocrx_word' id='word_1_16' title='bbox 1156 362 1547 451; x_wconf 82' lang='lat' dir='ltr'>prodidere),</span> <span class='ocrx_word' id='word_1_17' title='bbox 1594 365 1706 430; x_wconf 87' lang='lat' dir='ltr'>sed</span> <span class='ocrx_word' id='word_1_18' title='bbox 1755 366 2057 432; x_wconf 91' lang='lat' dir='ltr'>omnibus</span> <span class='ocrx_word' id='word_1_19' title='bbox 2098 389 2265 452; x_wconf 89' lang='lat' dir='ltr'>quae</span> <span class='ocrx_word' id='word_1_20' title='bbox 2300 369 2448 434; x_wconf 89' lang='lat' dir='ltr'>huic</span> <span class='ocrx_word' id='word_1_21' title='bbox 2477 371 2608 435; x_wconf 90' lang='lat' dir='ltr'>urbi</span> <span class='ocrx_word' id='word_1_22' title='bbox 2637 393 2725 456; x_wconf 84' lang='lat' dir='ltr'>per</span> 
     </span>
     <span class='ocr_line' id='line_1_4' title="bbox 421 453 2723 540; baseline 0.002 -20"><span class='ocrx_word' id='word_1_23' title='bbox 421 455 801 521; x_wconf 89' lang='lat' dir='ltr'>violentiam</span> <span class='ocrx_word' id='word_1_24' title='bbox 855 454 1106 538; x_wconf 85' lang='lat' dir='ltr'><strong>ignium</strong></span> <span class='ocrx_word' id='word_1_25' title='bbox 1162 453 1535 519; x_wconf 83' lang='lat' dir='ltr'>acciderunt</span> <span class='ocrx_word' id='word_1_26' title='bbox 1580 455 1843 540; x_wconf 87' lang='lat' dir='ltr'>gravior</span> <span class='ocrx_word' id='word_1_27' title='bbox 1891 457 2085 539; x_wconf 89' lang='lat' dir='ltr'>atque</span> <span class='ocrx_word' id='word_1_28' title='bbox 2134 458 2430 524; x_wconf 76' lang='lat' dir='ltr'>atrocior.</span> <span class='ocrx_word' id='word_1_29' title='bbox 2515 460 2723 525; x_wconf 89' lang='lat' dir='ltr'>initium</span> 
     </span>
     <span class='ocr_line' id='line_1_5' title="bbox 420 541 2725 632; baseline 0.002 -24"><span class='ocrx_word' id='word_1_30' title='bbox 420 546 492 608; x_wconf 93' lang='lat' dir='ltr'>in</span> <span class='ocrx_word' id='word_1_31' title='bbox 557 566 635 609; x_wconf 91' lang='lat' dir='ltr'>ea</span> <span class='ocrx_word' id='word_1_32' title='bbox 697 546 880 628; x_wconf 90' lang='lat' dir='ltr'>parte</span> <span class='ocrx_word' id='word_1_33' title='bbox 945 542 1099 608; x_wconf 89' lang='lat' dir='ltr'>circi</span> <span class='ocrx_word' id='word_1_34' title='bbox 1163 546 1408 627; x_wconf 88' lang='lat' dir='ltr'>ortum,</span> <span class='ocrx_word' id='word_1_35' title='bbox 1473 564 1638 628; x_wconf 91' lang='lat' dir='ltr'>quae</span> <span class='ocrx_word' id='word_1_36' title='bbox 1693 543 1994 608; x_wconf 87' lang='lat' dir='ltr'>Palatino</span> <span class='ocrx_word' id='word_1_37' title='bbox 2051 541 2394 632; x_wconf 90' lang='lat' dir='ltr'>Caelioque</span> <span class='ocrx_word' id='word_1_38' title='bbox 2454 549 2725 613; x_wconf 82' lang='lat' dir='ltr'>montibus</span> 
     </span>
    </p>

    <p class='ocr_par' dir='ltr' id='par_1_3' title="bbox 350 632 2727 1078">
     <span class='ocr_line' id='line_1_6' title="bbox 350 632 2727 719; baseline 0 -18"><span class='ocrx_word' id='word_1_39' title='bbox 350 653 382 701; x_wconf 82' lang='lat'>5</span> <span class='ocrx_word' id='word_1_40' title='bbox 421 634 729 719; x_wconf 79' lang='lat' dir='ltr'>contigua</span> <span class='ocrx_word' id='word_1_41' title='bbox 775 635 905 716; x_wconf 89' lang='lat' dir='ltr'>est,</span> <span class='ocrx_word' id='word_1_42' title='bbox 948 632 1063 697; x_wconf 92' lang='lat' dir='ltr'>ubi</span> <span class='ocrx_word' id='word_1_43' title='bbox 1107 653 1224 716; x_wconf 91' lang='lat' dir='ltr'>per</span> <span class='ocrx_word' id='word_1_44' title='bbox 1268 632 1595 716; x_wconf 89' lang='lat' dir='ltr'>tabernas,</span> <span class='ocrx_word' id='word_1_45' title='bbox 1642 632 1880 717; x_wconf 88' lang='lat' dir='ltr'>quibus</span> <span class='ocrx_word' id='word_1_46' title='bbox 1925 632 1992 697; x_wconf 87' lang='lat' dir='ltr'>id</span> <span class='ocrx_word' id='word_1_47' title='bbox 2038 636 2524 701; x_wconf 88' lang='lat' dir='ltr'>mercimonium</span> <span class='ocrx_word' id='word_1_48' title='bbox 2564 638 2727 702; x_wconf 80' lang='lat' dir='ltr'>inerat</span> 
     </span>
     <span class='ocr_line' id='line_1_7' title="bbox 422 722 2724 808; baseline 0.001 -19"><span class='ocrx_word' id='word_1_49' title='bbox 422 745 549 808; x_wconf 92' lang='lat' dir='ltr'>quo</span> <span class='ocrx_word' id='word_1_50' title='bbox 603 722 868 787; x_wconf 89' lang='lat' dir='ltr'>flamma</span> <span class='ocrx_word' id='word_1_51' title='bbox 921 722 1143 806; x_wconf 91' lang='lat' dir='ltr'>alitur,</span> <span class='ocrx_word' id='word_1_52' title='bbox 1198 722 1392 786; x_wconf 90' lang='lat' dir='ltr'>simul</span> <span class='ocrx_word' id='word_1_53' title='bbox 1449 725 1718 805; x_wconf 89' lang='lat' dir='ltr'>coeptus</span> <span class='ocrx_word' id='word_1_54' title='bbox 1773 722 1947 806; x_wconf 85' lang='lat' dir='ltr'>ignis</span> <span class='ocrx_word' id='word_1_55' title='bbox 2003 726 2070 787; x_wconf 92' lang='lat' dir='ltr'>et</span> <span class='ocrx_word' id='word_1_56' title='bbox 2126 725 2349 789; x_wconf 89' lang='lat' dir='ltr'>statim</span> <span class='ocrx_word' id='word_1_57' title='bbox 2403 726 2632 791; x_wconf 87' lang='lat' dir='ltr'>validus</span> <span class='ocrx_word' id='word_1_58' title='bbox 2673 748 2724 791; x_wconf 80' lang='lat' dir='ltr'>ac</span> 
     </span>
     <span class='ocr_line' id='line_1_8' title="bbox 418 810 2724 897; baseline 0 -19"><span class='ocrx_word' id='word_1_59' title='bbox 418 815 616 878; x_wconf 92' lang='lat' dir='ltr'>vento</span> <span class='ocrx_word' id='word_1_60' title='bbox 672 810 838 875; x_wconf 90' lang='lat' dir='ltr'>citus</span> <span class='ocrx_word' id='word_1_61' title='bbox 895 810 1373 895; x_wconf 72' lang='lat' dir='ltr'>longitudinem</span> <span class='ocrx_word' id='word_1_62' title='bbox 1429 810 1585 875; x_wconf 91' lang='lat' dir='ltr'>circi</span> <span class='ocrx_word' id='word_1_63' title='bbox 1640 810 1967 895; x_wconf 88' lang='lat' dir='ltr'>corripuit.</span> <span class='ocrx_word' id='word_1_64' title='bbox 2059 833 2269 897; x_wconf 89' lang='lat' dir='ltr'>neque</span> <span class='ocrx_word' id='word_1_65' title='bbox 2326 815 2495 879; x_wconf 92' lang='lat' dir='ltr'>enim</span> <span class='ocrx_word' id='word_1_66' title='bbox 2546 814 2724 880; x_wconf 87' lang='lat' dir='ltr'>domus</span> 
     </span>
     <span class='ocr_line' id='line_1_9' title="bbox 417 899 2723 988; baseline -0 -21"><span class='ocrx_word' id='word_1_67' title='bbox 417 900 843 967; x_wconf 80' lang='lat' dir='ltr'>&#39;munimentis</span> <span class='ocrx_word' id='word_1_68' title='bbox 909 902 1172 985; x_wconf 75' lang='lat' dir='ltr'>saeptae</span> <span class='ocrx_word' id='word_1_69' title='bbox 1234 899 1336 964; x_wconf 90' lang='lat' dir='ltr'>vel</span> <span class='ocrx_word' id='word_1_70' title='bbox 1406 899 1653 983; x_wconf 90' lang='lat' dir='ltr'>templa</span> <span class='ocrx_word' id='word_1_71' title='bbox 1707 899 1910 965; x_wconf 90' lang='lat' dir='ltr'>muris</span> <span class='ocrx_word' id='word_1_72' title='bbox 1964 900 2176 965; x_wconf 89' lang='lat' dir='ltr'>cincta</span> <span class='ocrx_word' id='word_1_73' title='bbox 2231 905 2347 966; x_wconf 86' lang='lat' dir='ltr'>aut</span> <span class='ocrx_word' id='word_1_74' title='bbox 2401 903 2546 988; x_wconf 89' lang='lat' dir='ltr'>quid</span> <span class='ocrx_word' id='word_1_75' title='bbox 2595 904 2723 968; x_wconf 89' lang='lat' dir='ltr'>aliud</span> 
     </span>
     <span class='ocr_line' id='line_1_10' title="bbox 417 988 2727 1078; baseline 0 -21"><span class='ocrx_word' id='word_1_76' title='bbox 417 1011 638 1057; x_wconf 87' lang='lat' dir='ltr'>morae</span> <span class='ocrx_word' id='word_1_77' title='bbox 685 988 1130 1054; x_wconf 85' lang='lat' dir='ltr'>interiacebat.</span> <span class='ocrx_word' id='word_1_78' title='bbox 1220 989 1470 1072; x_wconf 88' lang='lat' dir='ltr'>impetu</span> <span class='ocrx_word' id='word_1_79' title='bbox 1517 992 1944 1074; x_wconf 85' lang='lat' dir='ltr'>pervagatum</span> <span class='ocrx_word' id='word_1_80' title='bbox 1991 989 2361 1055; x_wconf 77' lang='lat' dir='ltr'>incendium</span> <span class='ocrx_word' id='word_1_81' title='bbox 2407 993 2592 1076; x_wconf 85' lang='lat' dir='ltr'>plana</span> <span class='ocrx_word' id='word_1_82' title='bbox 2632 992 2727 1078; x_wconf 86' lang='lat' dir='ltr'>pri·</span> 
     </span>
    </p>

    <p class='ocr_par' dir='ltr' id='par_1_4' title="bbox 314 1077 2725 1520">
     <span class='ocr_line' id='line_1_11' title="bbox 314 1077 2724 1166; baseline -0 -21"><span class='ocrx_word' id='word_1_83' title='bbox 314 1097 383 1147; x_wconf 89' lang='lat'>10</span> <span class='ocrx_word' id='word_1_84' title='bbox 422 1102 618 1161; x_wconf 90' lang='lat' dir='ltr'>mum,</span> <span class='ocrx_word' id='word_1_85' title='bbox 665 1077 896 1143; x_wconf 89' lang='lat' dir='ltr'>deinde</span> <span class='ocrx_word' id='word_1_86' title='bbox 942 1078 1012 1142; x_wconf 92' lang='lat' dir='ltr'>in</span> <span class='ocrx_word' id='word_1_87' title='bbox 1058 1077 1233 1143; x_wconf 89' lang='lat' dir='ltr'>edita</span> <span class='ocrx_word' id='word_1_88' title='bbox 1281 1077 1639 1162; x_wconf 81' lang='lat' dir='ltr'>adsurgens</span> <span class='ocrx_word' id='word_1_89' title='bbox 1689 1080 1754 1142; x_wconf 91' lang='lat' dir='ltr'>et</span> <span class='ocrx_word' id='word_1_90' title='bbox 1794 1100 2017 1143; x_wconf 89' lang='lat' dir='ltr'>rursus</span> <span class='ocrx_word' id='word_1_91' title='bbox 2052 1079 2362 1145; x_wconf 88' lang='lat' dir='ltr'>inferiora</span> <span class='ocrx_word' id='word_1_92' title='bbox 2398 1082 2724 1166; x_wconf 86' lang='lat' dir='ltr'>populando,</span> 
     </span>
     <span class='ocr_line' id='line_1_12' title="bbox 423 1166 2725 1250; baseline 0 -16"><span class='ocrx_word' id='word_1_93' title='bbox 423 1168 661 1234; x_wconf 87' lang='lat' dir='ltr'>anteiit</span> <span class='ocrx_word' id='word_1_94' title='bbox 704 1166 989 1232; x_wconf 88' lang='lat' dir='ltr'>remedia</span> <span class='ocrx_word' id='word_1_95' title='bbox 1033 1166 1381 1233; x_wconf 87' lang='lat' dir='ltr'>velocitate</span> <span class='ocrx_word' id='word_1_96' title='bbox 1422 1166 1582 1231; x_wconf 88' lang='lat' dir='ltr'>mali</span> <span class='ocrx_word' id='word_1_97' title='bbox 1620 1170 1686 1231; x_wconf 89' lang='lat' dir='ltr'>et</span> <span class='ocrx_word' id='word_1_98' title='bbox 1722 1167 2007 1250; x_wconf 78' lang='lat' dir='ltr'>obnoxia</span> <span class='ocrx_word' id='word_1_99' title='bbox 2041 1170 2201 1233; x_wconf 90' lang='lat' dir='ltr'>urbe</span> <span class='ocrx_word' id='word_1_100' title='bbox 2240 1170 2403 1235; x_wconf 86' lang='lat' dir='ltr'>artis</span> <span class='ocrx_word' id='word_1_101' title='bbox 2441 1170 2725 1235; x_wconf 85' lang='lat' dir='ltr'>itineribus</span> 
     </span>
     <span class='ocr_line' id='line_1_13' title="bbox 419 1255 2724 1343; baseline -0 -20"><span class='ocrx_word' id='word_1_102' title='bbox 419 1258 675 1343; x_wconf 89' lang='lat' dir='ltr'>hucque</span> <span class='ocrx_word' id='word_1_103' title='bbox 718 1258 784 1320; x_wconf 89' lang='lat' dir='ltr'>et</span> <span class='ocrx_word' id='word_1_104' title='bbox 819 1256 977 1321; x_wconf 90' lang='lat' dir='ltr'>illuc</span> <span class='ocrx_word' id='word_1_105' title='bbox 1012 1256 1193 1321; x_wconf 86' lang='lat' dir='ltr'>flexis</span> <span class='ocrx_word' id='word_1_106' title='bbox 1233 1259 1428 1340; x_wconf 90' lang='lat' dir='ltr'>atque</span> <span class='ocrx_word' id='word_1_107' title='bbox 1467 1255 1842 1321; x_wconf 87' lang='lat' dir='ltr'>enormibus</span> <span class='ocrx_word' id='word_1_108' title='bbox 1879 1255 2057 1341; x_wconf 91' lang='lat' dir='ltr'>vicis,</span> <span class='ocrx_word' id='word_1_109' title='bbox 2104 1259 2314 1343; x_wconf 87' lang='lat' dir='ltr'>qualis</span> <span class='ocrx_word' id='word_1_110' title='bbox 2354 1263 2536 1324; x_wconf 89' lang='lat' dir='ltr'>vetus</span> <span class='ocrx_word' id='word_1_111' title='bbox 2567 1259 2724 1324; x_wconf 82' lang='lat' dir='ltr'>Roma</span> 
     </span>
     <span class='ocr_line' id='line_1_14' title="bbox 420 1343 2723 1430; baseline 0 -20"><span class='ocrx_word' id='word_1_112' title='bbox 420 1346 562 1411; x_wconf 90' lang='lat' dir='ltr'>fuit.</span> <span class='ocrx_word' id='word_1_113' title='bbox 655 1345 736 1410; x_wconf 89' lang='lat' dir='ltr'>ad</span> <span class='ocrx_word' id='word_1_114' title='bbox 783 1345 909 1410; x_wconf 89' lang='lat' dir='ltr'>hoc</span> <span class='ocrx_word' id='word_1_115' title='bbox 952 1346 1242 1410; x_wconf 86' lang='lat' dir='ltr'>lamenta</span> <span class='ocrx_word' id='word_1_116' title='bbox 1286 1345 1685 1429; x_wconf 86' lang='lat' dir='ltr'>paventium,</span> <span class='ocrx_word' id='word_1_117' title='bbox 1731 1343 2149 1430; x_wconf 86' lang='lat' dir='ltr'>feminarum,</span> <span class='ocrx_word' id='word_1_118' title='bbox 2193 1346 2371 1412; x_wconf 85' lang='lat' dir='ltr'>fessa</span> <span class='ocrx_word' id='word_1_119' title='bbox 2417 1352 2610 1413; x_wconf 89' lang='lat' dir='ltr'>aetate</span> <span class='ocrx_word' id='word_1_120' title='bbox 2647 1351 2723 1412; x_wconf 82' lang='lat' dir='ltr'>aut</span> 
     </span>
     <span class='ocr_line' id='line_1_15' title="bbox 419 1434 2725 1520; baseline 0 -20"><span class='ocrx_word' id='word_1_121' title='bbox 419 1434 596 1500; x_wconf 87' lang='lat' dir='ltr'>rudis</span> <span class='ocrx_word' id='word_1_122' title='bbox 660 1434 975 1518; x_wconf 91' lang='lat' dir='ltr'>pueritiae</span> <span class='ocrx_word' id='word_1_123' title='bbox 1034 1436 1296 1518; x_wconf 88' lang='lat' dir='ltr'>[aetas],</span> <span class='ocrx_word' id='word_1_124' title='bbox 1364 1434 1603 1518; x_wconf 89' lang='lat' dir='ltr'>quique</span> <span class='ocrx_word' id='word_1_125' title='bbox 1665 1434 1791 1498; x_wconf 87' lang='lat' dir='ltr'>sibi</span> <span class='ocrx_word' id='word_1_126' title='bbox 1847 1435 2085 1520; x_wconf 89' lang='lat' dir='ltr'>quique</span> <span class='ocrx_word' id='word_1_127' title='bbox 2141 1436 2287 1501; x_wconf 90' lang='lat' dir='ltr'>aliis</span> <span class='ocrx_word' id='word_1_128' title='bbox 2345 1438 2725 1517; x_wconf 82' lang='lat' dir='ltr'>consulebant,</span> 
     </span>
    </p>

    <p class='ocr_par' dir='ltr' id='par_1_5' title="bbox 316 1523 2767 1966">
     <span class='ocr_line' id='line_1_16' title="bbox 316 1523 2722 1610; baseline 0 -23"><span class='ocrx_word' id='word_1_129' title='bbox 316 1539 382 1589; x_wconf 83' lang='lat'>15</span> <span class='ocrx_word' id='word_1_130' title='bbox 421 1524 576 1589; x_wconf 89' lang='lat' dir='ltr'>dum</span> <span class='ocrx_word' id='word_1_131' title='bbox 621 1523 894 1588; x_wconf 89' lang='lat' dir='ltr'>trahunt</span> <span class='ocrx_word' id='word_1_132' title='bbox 938 1523 1259 1589; x_wconf 90' lang='lat' dir='ltr'>invalidos</span> <span class='ocrx_word' id='word_1_133' title='bbox 1309 1526 1422 1586; x_wconf 90' lang='lat' dir='ltr'>aut</span> <span class='ocrx_word' id='word_1_134' title='bbox 1468 1523 1913 1607; x_wconf 92' lang='lat' dir='ltr'>opperiuntur,</span> <span class='ocrx_word' id='word_1_135' title='bbox 1962 1545 2115 1608; x_wconf 90' lang='lat' dir='ltr'>pars</span> <span class='ocrx_word' id='word_1_136' title='bbox 2164 1547 2366 1609; x_wconf 84' lang='lat' dir='ltr'>mora,</span> <span class='ocrx_word' id='word_1_137' title='bbox 2413 1548 2558 1610; x_wconf 89' lang='lat' dir='ltr'>pars</span> <span class='ocrx_word' id='word_1_138' title='bbox 2596 1525 2722 1589; x_wconf 84' lang='lat' dir='ltr'>festi·</span> 
     </span>
     <span class='ocr_line' id='line_1_17' title="bbox 420 1610 2767 1700; baseline 0 -23"><span class='ocrx_word' id='word_1_139' title='bbox 420 1633 605 1696; x_wconf 78' lang='lat' dir='ltr'>nanS,</span> <span class='ocrx_word' id='word_1_140' title='bbox 652 1615 885 1676; x_wconf 88' lang='lat' dir='ltr'>cuncta</span> <span class='ocrx_word' id='word_1_141' title='bbox 932 1611 1390 1695; x_wconf 87' lang='lat' dir='ltr'>impediebant,</span> <span class='ocrx_word' id='word_1_142' title='bbox 1437 1614 1504 1676; x_wconf 93' lang='lat' dir='ltr'>et</span> <span class='ocrx_word' id='word_1_143' title='bbox 1550 1633 1762 1697; x_wconf 88' lang='lat' dir='ltr'>saepe,</span> <span class='ocrx_word' id='word_1_144' title='bbox 1808 1610 1960 1676; x_wconf 91' lang='lat' dir='ltr'>dum</span> <span class='ocrx_word' id='word_1_145' title='bbox 1999 1613 2067 1677; x_wconf 92' lang='lat' dir='ltr'>in</span> <span class='ocrx_word' id='word_1_146' title='bbox 2105 1617 2368 1700; x_wconf 87' lang='lat' dir='ltr'>tergum</span> <span class='ocrx_word' id='word_1_147' title='bbox 2406 1617 2723 1700; x_wconf 81' lang='lat' dir='ltr'>respectant,</span> <span class='ocrx_word' id='word_1_148' title='bbox 2766 1661 2767 1690; x_wconf 63' lang='lat'>3</span> 
     </span>
     <span class='ocr_line' id='line_1_18' title="bbox 419 1700 2723 1788; baseline -0 -22"><span class='ocrx_word' id='word_1_149' title='bbox 419 1701 734 1767; x_wconf 87' lang='lat' dir='ltr'>lateribus</span> <span class='ocrx_word' id='word_1_150' title='bbox 782 1702 895 1764; x_wconf 90' lang='lat' dir='ltr'>aut</span> <span class='ocrx_word' id='word_1_151' title='bbox 938 1700 1154 1766; x_wconf 88' lang='lat' dir='ltr'>fronte</span> <span class='ocrx_word' id='word_1_152' title='bbox 1200 1701 1891 1785; x_wconf 86' lang='lat' dir='ltr'>circumveniebantur,</span> <span class='ocrx_word' id='word_1_153' title='bbox 1937 1701 2040 1766; x_wconf 89' lang='lat' dir='ltr'>vel</span> <span class='ocrx_word' id='word_1_154' title='bbox 2088 1703 2144 1767; x_wconf 89' lang='lat' dir='ltr'>si</span> <span class='ocrx_word' id='word_1_155' title='bbox 2189 1703 2257 1768; x_wconf 92' lang='lat' dir='ltr'>in</span> <span class='ocrx_word' id='word_1_156' title='bbox 2302 1705 2591 1788; x_wconf 83' lang='lat' dir='ltr'>proxima</span> <span class='ocrx_word' id='word_1_157' title='bbox 2620 1724 2723 1767; x_wconf 77' lang='lat' dir='ltr'>eva·</span> 
     </span>
     <span class='ocr_line' id='line_1_19' title="bbox 422 1789 2767 1878; baseline -0.001 -22"><span class='ocrx_word' id='word_1_158' title='bbox 422 1792 665 1873; x_wconf 84' lang='lat' dir='ltr'>serant,</span> <span class='ocrx_word' id='word_1_159' title='bbox 720 1789 851 1853; x_wconf 87' lang='lat' dir='ltr'>illis</span> <span class='ocrx_word' id='word_1_160' title='bbox 909 1810 1161 1875; x_wconf 87' lang='lat' dir='ltr'>quoque</span> <span class='ocrx_word' id='word_1_161' title='bbox 1206 1789 1344 1874; x_wconf 86' lang='lat' dir='ltr'>igni</span> <span class='ocrx_word' id='word_1_162' title='bbox 1391 1790 1735 1873; x_wconf 88' lang='lat' dir='ltr'>correptis,</span> <span class='ocrx_word' id='word_1_163' title='bbox 1792 1791 1988 1855; x_wconf 92' lang='lat' dir='ltr'>etiam</span> <span class='ocrx_word' id='word_1_164' title='bbox 2038 1812 2205 1874; x_wconf 85' lang='lat' dir='ltr'>quae</span> <span class='ocrx_word' id='word_1_165' title='bbox 2250 1793 2598 1878; x_wconf 89' lang='lat' dir='ltr'>longinqua</span> <span class='ocrx_word' id='word_1_166' title='bbox 2633 1812 2721 1856; x_wconf 70' lang='lat' dir='ltr'>cre</span> <span class='ocrx_word' id='word_1_167' title='bbox 2764 1789 2767 1872; x_wconf 53' lang='grc' dir='ltr'><strong><em>Ῐ</em></strong></span> 
     </span>
     <span class='ocr_line' id='line_1_20' title="bbox 420 1878 2767 1966; baseline -0.001 -23"><span class='ocrx_word' id='word_1_168' title='bbox 420 1878 718 1943; x_wconf 88' lang='lat' dir='ltr'>diderant</span> <span class='ocrx_word' id='word_1_169' title='bbox 759 1879 829 1942; x_wconf 91' lang='lat' dir='ltr'>in</span> <span class='ocrx_word' id='word_1_170' title='bbox 875 1878 1100 1943; x_wconf 90' lang='lat' dir='ltr'>eodem</span> <span class='ocrx_word' id='word_1_171' title='bbox 1155 1900 1311 1942; x_wconf 90' lang='lat' dir='ltr'>casu</span> <span class='ocrx_word' id='word_1_172' title='bbox 1365 1878 1791 1963; x_wconf 89' lang='lat' dir='ltr'>reperiebant.</span> <span class='ocrx_word' id='word_1_173' title='bbox 1881 1882 2236 1965; x_wconf 90' lang='lat' dir='ltr'>postremo,</span> <span class='ocrx_word' id='word_1_174' title='bbox 2290 1881 2451 1966; x_wconf 90' lang='lat' dir='ltr'>quid</span> <span class='ocrx_word' id='word_1_175' title='bbox 2505 1883 2721 1946; x_wconf 81' lang='lat' dir='ltr'>vitarent</span> <span class='ocrx_word' id='word_1_176' title='bbox 2764 1883 2767 1936; x_wconf 70' lang='grc' dir='ltr'>ἓ</span> 
     </span>
    </p>

    <p class='ocr_par' dir='ltr' id='par_1_6' title="bbox 313 1966 2723 2410">
     <span class='ocr_line' id='line_1_21' title="bbox 313 1966 2723 2056; baseline 0 -24"><span class='ocrx_word' id='word_1_177' title='bbox 313 1984 382 2034; x_wconf 80' lang='lat'>20</span> <span class='ocrx_word' id='word_1_178' title='bbox 424 1966 579 2053; x_wconf 89' lang='lat' dir='ltr'>quid</span> <span class='ocrx_word' id='word_1_179' title='bbox 623 1970 918 2051; x_wconf 88' lang='lat' dir='ltr'>peterent</span> <span class='ocrx_word' id='word_1_180' title='bbox 963 1966 1278 2051; x_wconf 90' lang='lat' dir='ltr'>ambigui,</span> <span class='ocrx_word' id='word_1_181' title='bbox 1334 1966 1658 2051; x_wconf 88' lang='lat' dir='ltr'>complere</span> <span class='ocrx_word' id='word_1_182' title='bbox 1714 1968 1882 2050; x_wconf 88' lang='lat' dir='ltr'>vias,</span> <span class='ocrx_word' id='word_1_183' title='bbox 1940 1970 2144 2033; x_wconf 89' lang='lat' dir='ltr'>sterni</span> <span class='ocrx_word' id='word_1_184' title='bbox 2198 1991 2318 2053; x_wconf 92' lang='lat' dir='ltr'>per</span> <span class='ocrx_word' id='word_1_185' title='bbox 2377 1990 2584 2056; x_wconf 86' lang='lat' dir='ltr'>agros3</span> <span class='ocrx_word' id='word_1_186' title='bbox 2627 1968 2723 2053; x_wconf 90' lang='lat' dir='ltr'>qui-</span> 
     </span>
     <span class='ocr_line' id='line_1_22' title="bbox 420 2054 2722 2143; baseline 0 -21"><span class='ocrx_word' id='word_1_187' title='bbox 420 2057 571 2122; x_wconf 89' lang='lat' dir='ltr'>dam</span> <span class='ocrx_word' id='word_1_188' title='bbox 618 2055 876 2121; x_wconf 87' lang='lat' dir='ltr'>amissis</span> <span class='ocrx_word' id='word_1_189' title='bbox 924 2056 1225 2122; x_wconf 90' lang='lat' dir='ltr'>omnibus</span> <span class='ocrx_word' id='word_1_190' title='bbox 1271 2054 1555 2120; x_wconf 87' lang='lat' dir='ltr'>fortunis</span> <span class='ocrx_word' id='word_1_191' title='bbox 1564 2105 1582 2139; x_wconf 94' lang='lat'>,</span> <span class='ocrx_word' id='word_1_192' title='bbox 1629 2055 1844 2121; x_wconf 90' lang='lat' dir='ltr'>diurni</span> <span class='ocrx_word' id='word_1_193' title='bbox 1890 2079 2144 2142; x_wconf 88' lang='lat' dir='ltr'>quoque</span> <span class='ocrx_word' id='word_1_194' title='bbox 2192 2058 2427 2143; x_wconf 89' lang='lat' dir='ltr'>victus,</span> <span class='ocrx_word' id='word_1_195' title='bbox 2473 2060 2574 2124; x_wconf 88' lang='lat' dir='ltr'>alii</span> <span class='ocrx_word' id='word_1_196' title='bbox 2610 2056 2722 2122; x_wconf 84' lang='lat' dir='ltr'>cari·</span> 
     </span>
     <span class='ocr_line' id='line_1_23' title="bbox 418 2144 2721 2232; baseline -0.001 -22"><span class='ocrx_word' id='word_1_197' title='bbox 418 2149 557 2211; x_wconf 89' lang='lat' dir='ltr'>tate</span> <span class='ocrx_word' id='word_1_198' title='bbox 600 2167 883 2229; x_wconf 90' lang='lat' dir='ltr'>suorum,</span> <span class='ocrx_word' id='word_1_199' title='bbox 930 2167 1093 2229; x_wconf 88' lang='lat' dir='ltr'>quos</span> <span class='ocrx_word' id='word_1_200' title='bbox 1132 2144 1378 2228; x_wconf 91' lang='lat' dir='ltr'>eripere</span> <span class='ocrx_word' id='word_1_201' title='bbox 1415 2144 1862 2230; x_wconf 78' lang='lat' dir='ltr'>nequiverant,</span> <span class='ocrx_word' id='word_1_202' title='bbox 1908 2147 2202 2230; x_wconf 89' lang='lat' dir='ltr'>quamvis</span> <span class='ocrx_word' id='word_1_203' title='bbox 2239 2151 2505 2232; x_wconf 89' lang='lat' dir='ltr'>patente</span> <span class='ocrx_word' id='word_1_204' title='bbox 2539 2145 2721 2230; x_wconf 77' lang='lat' dir='ltr'>effugio</span> 
     </span>
     <span class='ocr_line' id='line_1_24' title="bbox 418 2231 2719 2321; baseline -0.001 -22"><span class='ocrx_word' id='word_1_205' title='bbox 418 2234 734 2299; x_wconf 90' lang='lat' dir='ltr'>interiere.</span> <span class='ocrx_word' id='word_1_206' title='bbox 824 2256 945 2300; x_wconf 90' lang='lat' dir='ltr'>nec</span> <span class='ocrx_word' id='word_1_207' title='bbox 993 2233 1337 2321; x_wconf 90' lang='lat' dir='ltr'>quisquam</span> <span class='ocrx_word' id='word_1_208' title='bbox 1385 2231 1727 2298; x_wconf 86' lang='lat' dir='ltr'>defendere</span> <span class='ocrx_word' id='word_1_209' title='bbox 1776 2234 2082 2319; x_wconf 91' lang='lat' dir='ltr'>audebat,</span> <span class='ocrx_word' id='word_1_210' title='bbox 2135 2236 2384 2302; x_wconf 87' lang='lat' dir='ltr'>crebris</span> <span class='ocrx_word' id='word_1_211' title='bbox 2433 2238 2719 2302; x_wconf 87' lang='lat' dir='ltr'>multorum</span> 
     </span>
     <span class='ocr_line' id='line_1_25' title="bbox 419 2322 2721 2410; baseline -0.001 -22"><span class='ocrx_word' id='word_1_212' title='bbox 419 2325 611 2389; x_wconf 92' lang='lat' dir='ltr'>minis</span> <span class='ocrx_word' id='word_1_213' title='bbox 659 2324 1057 2408; x_wconf 89' lang='lat' dir='ltr'>restinguere</span> <span class='ocrx_word' id='word_1_214' title='bbox 1100 2322 1609 2408; x_wconf 89' lang='lat' dir='ltr'>prohibentium,</span> <span class='ocrx_word' id='word_1_215' title='bbox 1655 2327 1722 2388; x_wconf 91' lang='lat' dir='ltr'>et</span> <span class='ocrx_word' id='word_1_216' title='bbox 1769 2324 1924 2409; x_wconf 90' lang='lat' dir='ltr'>quia</span> <span class='ocrx_word' id='word_1_217' title='bbox 1972 2325 2085 2390; x_wconf 86' lang='lat' dir='ltr'>alii</span> <span class='ocrx_word' id='word_1_218' title='bbox 2127 2326 2348 2410; x_wconf 92' lang='lat' dir='ltr'>palam</span> <span class='ocrx_word' id='word_1_219' title='bbox 2387 2328 2553 2392; x_wconf 87' lang='lat' dir='ltr'>faces</span> <span class='ocrx_word' id='word_1_220' title='bbox 2585 2323 2721 2390; x_wconf 79' lang='lat' dir='ltr'>iacie-</span> 
     </span>
    </p>

    <p class='ocr_par' dir='ltr' id='par_1_7' title="bbox 313 2412 2763 2568">
     <span class='ocr_line' id='line_1_26' title="bbox 313 2412 2721 2499; baseline -0.001 -21"><span class='ocrx_word' id='word_1_221' title='bbox 313 2429 383 2478; x_wconf 79' lang='lat'>25</span> <span class='ocrx_word' id='word_1_222' title='bbox 419 2413 583 2478; x_wconf 89' lang='lat' dir='ltr'>bant</span> <span class='ocrx_word' id='word_1_223' title='bbox 638 2417 829 2499; x_wconf 88' lang='lat' dir='ltr'>atque</span> <span class='ocrx_word' id='word_1_224' title='bbox 885 2434 1026 2478; x_wconf 90' lang='lat' dir='ltr'>esse</span> <span class='ocrx_word' id='word_1_225' title='bbox 1083 2412 1212 2477; x_wconf 90' lang='lat' dir='ltr'>sibi</span> <span class='ocrx_word' id='word_1_226' title='bbox 1269 2414 1599 2476; x_wconf 88' lang='lat' dir='ltr'>auctorem</span> <span class='ocrx_word' id='word_1_227' title='bbox 1646 2413 2197 2499; x_wconf 85' lang='lat' dir='ltr'>vociferabantur,</span> <span class='ocrx_word' id='word_1_228' title='bbox 2255 2416 2394 2481; x_wconf 87' lang='lat' dir='ltr'>sive</span> <span class='ocrx_word' id='word_1_229' title='bbox 2442 2421 2514 2481; x_wconf 89' lang='lat' dir='ltr'>ut</span> <span class='ocrx_word' id='word_1_230' title='bbox 2553 2418 2721 2497; x_wconf 84' lang='lat' dir='ltr'>raptus</span> 
     </span>
     <span class='ocr_line' id='line_1_27' title="bbox 419 2501 2763 2568; baseline -0.002 -1"><span class='ocrx_word' id='word_1_231' title='bbox 419 2502 720 2568; x_wconf 89' lang='lat' dir='ltr'>licentius</span> <span class='ocrx_word' id='word_1_232' title='bbox 767 2505 1138 2566; x_wconf 86' lang='lat' dir='ltr'>exercerent</span> <span class='ocrx_word' id='word_1_233' title='bbox 1183 2522 1297 2565; x_wconf 91' lang='lat' dir='ltr'>seu</span> <span class='ocrx_word' id='word_1_234' title='bbox 1343 2501 1543 2565; x_wconf 86' lang='lat' dir='ltr'>iussu.</span> <span class='ocrx_word' id='word_1_235' title='bbox 2762 2530 2763 2533; x_wconf 38' lang='lat'>¹</span> 
     </span>
    </p>

    <p class='ocr_par' dir='ltr' id='par_1_8' title="bbox 309 2587 2718 2676">
     <span class='ocr_line' id='line_1_28' title="bbox 309 2587 2718 2676; baseline -0.002 -17"><span class='ocrx_word' id='word_1_236' title='bbox 309 2594 399 2659; x_wconf 88' lang='lat'>39</span> <span class='ocrx_word' id='word_1_237' title='bbox 597 2589 698 2657; x_wconf 82' lang='lat' dir='ltr'>Eo</span> <span class='ocrx_word' id='word_1_238' title='bbox 744 2594 1037 2675; x_wconf 92' lang='lat' dir='ltr'>tempore</span> <span class='ocrx_word' id='word_1_239' title='bbox 1073 2589 1250 2656; x_wconf 87' lang='lat' dir='ltr'>Nero</span> <span class='ocrx_word' id='word_1_240' title='bbox 1288 2587 1476 2654; x_wconf 84' lang='lat' dir='ltr'>Antii</span> <span class='ocrx_word' id='word_1_241' title='bbox 1523 2610 1723 2675; x_wconf 88' lang='lat' dir='ltr'>agens</span> <span class='ocrx_word' id='word_1_242' title='bbox 1769 2611 1905 2656; x_wconf 91' lang='lat' dir='ltr'>non</span> <span class='ocrx_word' id='word_1_243' title='bbox 1951 2594 2100 2655; x_wconf 89' lang='lat' dir='ltr'>ante</span> <span class='ocrx_word' id='word_1_244' title='bbox 2146 2590 2216 2654; x_wconf 94' lang='lat' dir='ltr'>in</span> <span class='ocrx_word' id='word_1_245' title='bbox 2262 2593 2492 2658; x_wconf 92' lang='lat' dir='ltr'>urbem</span> <span class='ocrx_word' id='word_1_246' title='bbox 2535 2610 2718 2676; x_wconf 82' lang='lat' dir='ltr'>regres-</span> 
     </span>
    </p>
   </div>
   <div class='ocr_carea' id='block_1_3' title="bbox 420 2799 2719 3649">
    <p class='ocr_par' dir='ltr' id='par_1_9' title="bbox 421 2799 2716 3019">
     <span class='ocr_line' id='line_1_29' title="bbox 492 2799 2714 2870; baseline -0.002 -15"><span class='ocrx_word' id='word_1_247' title='bbox 492 2800 590 2856; x_wconf 73' lang='lat'>38.</span> <span class='ocrx_word' id='word_1_248' title='bbox 648 2805 698 2855; x_wconf 90' lang='lat'>4.</span> <span class='ocrx_word' id='word_1_249' title='bbox 756 2802 820 2854; x_wconf 81' lang='lat' dir='ltr'>in</span> <span class='ocrx_word' id='word_1_250' title='bbox 870 2816 934 2856; x_wconf 87' lang='lat' dir='ltr'>ea</span> <span class='ocrx_word' id='word_1_251' title='bbox 970 2805 1137 2870; x_wconf 78' lang='lat' dir='ltr'>parte</span> <span class='ocrx_word' id='word_1_252' title='bbox 1173 2802 1271 2855; x_wconf 88' lang='lat' dir='ltr'>ctt.</span> <span class='ocrx_word' id='word_1_253' title='bbox 1345 2800 1420 2854; x_wconf 88' lang='lat' dir='ltr'>Es</span> <span class='ocrx_word' id='word_1_254' title='bbox 1469 2800 1547 2854; x_wconf 88' lang='lat' dir='ltr'>ist</span> <span class='ocrx_word' id='word_1_255' title='bbox 1652 2800 1898 2869; x_wconf 89' lang='lat' dir='ltr'>Weiber,</span> <span class='ocrx_word' id='word_1_256' title='bbox 1937 2800 2130 2855; x_wconf 85' lang='lat' dir='ltr'>Greise</span> <span class='ocrx_word' id='word_1_257' title='bbox 2166 2801 2279 2854; x_wconf 87' lang='lat' dir='ltr'>und</span> <span class='ocrx_word' id='word_1_258' title='bbox 2316 2801 2541 2858; x_wconf 87' lang='lat' dir='ltr'>Kinder.</span> <span class='ocrx_word' id='word_1_259' title='bbox 2596 2799 2714 2854; x_wconf 67' lang='lat' dir='ltr'>Abla-</span> 
     </span>
     <span class='ocr_line' id='line_1_30' title="bbox 422 2867 2716 2942; baseline -0.002 -17"><span class='ocrx_word' id='word_1_260' title='bbox 422 2871 513 2926; x_wconf 89' lang='lat' dir='ltr'>die</span> <span class='ocrx_word' id='word_1_261' title='bbox 568 2870 952 2927; x_wconf 70' lang='lat' dir='ltr'>nordostliche</span> <span class='ocrx_word' id='word_1_262' title='bbox 1001 2871 1152 2927; x_wconf 87' lang='lat' dir='ltr'>Seite</span> <span class='ocrx_word' id='word_1_263' title='bbox 1206 2873 1302 2935; x_wconf 85' lang='lat' dir='ltr'>des</span> <span class='ocrx_word' id='word_1_264' title='bbox 1352 2870 1544 2926; x_wconf 87' lang='lat' dir='ltr'>Circus</span> <span class='ocrx_word' id='word_1_265' title='bbox 1653 2870 1736 2925; x_wconf 91' lang='lat' dir='ltr'>tiv</span> <span class='ocrx_word' id='word_1_266' title='bbox 1791 2871 1907 2925; x_wconf 90' lang='lat' dir='ltr'>und</span> <span class='ocrx_word' id='word_1_267' title='bbox 1964 2870 2204 2926; x_wconf 87' lang='lat' dir='ltr'>Genetiv</span> <span class='ocrx_word' id='word_1_268' title='bbox 2259 2873 2363 2926; x_wconf 91' lang='lat' dir='ltr'>der</span> <span class='ocrx_word' id='word_1_269' title='bbox 2416 2867 2716 2942; x_wconf 77' lang='lat' dir='ltr'>Eigenschaft</span> 
     </span>
     <span class='ocr_line' id='line_1_31' title="bbox 421 2941 2716 3019; baseline -0.002 -22"><span class='ocrx_word' id='word_1_270' title='bbox 421 2942 714 2998; x_wconf 84' lang='lat' dir='ltr'>maximus.</span> <span class='ocrx_word' id='word_1_271' title='bbox 1654 2941 1877 3011; x_wconf 66' lang='lat' dir='ltr'>haugen</span> <span class='ocrx_word' id='word_1_272' title='bbox 1932 2942 2055 2997; x_wconf 85' lang='lat' dir='ltr'>also</span> <span class='ocrx_word' id='word_1_273' title='bbox 2119 2942 2203 2997; x_wconf 85' lang='lat' dir='ltr'>als</span> <span class='ocrx_word' id='word_1_274' title='bbox 2266 2944 2595 3014; x_wconf 86' lang='lat' dir='ltr'>Apposition</span> <span class='ocrx_word' id='word_1_275' title='bbox 2642 2955 2716 3019; x_wconf 69' lang='lat' dir='ltr'>vop</span> 
     </span>
    </p>

    <p class='ocr_par' dir='ltr' id='par_1_10' title="bbox 420 3012 2719 3507">
     <span class='ocr_line' id='line_1_32' title="bbox 491 3012 2715 3085; baseline -0.001 -17"><span class='ocrx_word' id='word_1_276' title='bbox 491 3019 542 3068; x_wconf 79' lang='lat'>5.</span> <span class='ocrx_word' id='word_1_277' title='bbox 600 3014 891 3085; x_wconf 61' lang='lat' dir='ltr'>contiguus</span> <span class='ocrx_word' id='word_1_278' title='bbox 946 3014 1089 3068; x_wconf 86' lang='lat' dir='ltr'>auch</span> <span class='ocrx_word' id='word_1_279' title='bbox 1143 3019 1204 3081; x_wconf 83' lang='lat'>2,</span> <span class='ocrx_word' id='word_1_280' title='bbox 1243 3019 1328 3068; x_wconf 84' lang='grc'><strong>60.</strong></span> <span class='ocrx_word' id='word_1_281' title='bbox 1378 3018 1437 3078; x_wconf 84' lang='grc'>6,</span> <span class='ocrx_word' id='word_1_282' title='bbox 1476 3018 1545 3066; x_wconf 82' lang='grc'>45</span> <span class='ocrx_word' id='word_1_283' title='bbox 1646 3014 1971 3080; x_wconf 79' lang='lat' dir='ltr'>paventium</span> <span class='ocrx_word' id='word_1_284' title='bbox 2028 3014 2127 3081; x_wconf 86' lang='lat' dir='ltr'>ab,</span> <span class='ocrx_word' id='word_1_285' title='bbox 2194 3012 2405 3071; x_wconf 87' lang='lat' dir='ltr'>ebenso</span> <span class='ocrx_word' id='word_1_286' title='bbox 2466 3016 2565 3069; x_wconf 78' lang='lat' dir='ltr'>wie</span> <span class='ocrx_word' id='word_1_287' title='bbox 2610 3013 2715 3080; x_wconf 73' lang='lat' dir='ltr'>fent-</span> 
     </span>
     <span class='ocr_line' id='line_1_33' title="bbox 420 3078 2714 3154; baseline -0.003 -14"><span class='ocrx_word' id='word_1_288' title='bbox 420 3101 557 3154; x_wconf 82' lang='lat' dir='ltr'>pars</span> <span class='ocrx_word' id='word_1_289' title='bbox 592 3086 728 3140; x_wconf 79' lang='lat' dir='ltr'>circi</span> <span class='ocrx_word' id='word_1_290' title='bbox 754 3085 1031 3139; x_wconf 75' lang='lat' dir='ltr'>Aventino</span> <span class='ocrx_word' id='word_1_291' title='bbox 1062 3087 1339 3153; x_wconf 76' lang='lat' dir='ltr'>contiyna.</span> <span class='ocrx_word' id='word_1_292' title='bbox 1405 3083 1545 3138; x_wconf 85' lang='lat' dir='ltr'>Aus-</span> <span class='ocrx_word' id='word_1_293' title='bbox 1653 3099 1872 3137; x_wconf 77' lang='lat' dir='ltr'>narum.</span> <span class='ocrx_word' id='word_1_294' title='bbox 1930 3083 2105 3138; x_wconf 87' lang='lat' dir='ltr'>Beide</span> <span class='ocrx_word' id='word_1_295' title='bbox 2125 3083 2298 3140; x_wconf 84' lang='lat' dir='ltr'>Casus</span> <span class='ocrx_word' id='word_1_296' title='bbox 2331 3084 2606 3154; x_wconf 79' lang='lat' dir='ltr'>qualitatis</span> <span class='ocrx_word' id='word_1_297' title='bbox 2629 3078 2714 3135; x_wconf 76' lang='lat' dir='ltr'>sind</span> 
     </span>
     <span class='ocr_line' id='line_1_34' title="bbox 423 3153 2714 3227; baseline -0.002 -17"><span class='ocrx_word' id='word_1_298' title='bbox 423 3156 640 3210; x_wconf 89' lang='lat' dir='ltr'>serdem</span> <span class='ocrx_word' id='word_1_299' title='bbox 685 3173 789 3208; x_wconf 85' lang='lat' dir='ltr'>nur</span> <span class='ocrx_word' id='word_1_300' title='bbox 827 3156 1084 3224; x_wconf 86' lang='lat' dir='ltr'>poetisch</span> <span class='ocrx_word' id='word_1_301' title='bbox 1121 3154 1238 3208; x_wconf 87' lang='lat' dir='ltr'>und</span> <span class='ocrx_word' id='word_1_302' title='bbox 1275 3154 1369 3210; x_wconf 91' lang='lat' dir='ltr'>bei</span> <span class='ocrx_word' id='word_1_303' title='bbox 1406 3153 1546 3223; x_wconf 69' lang='lat' dir='ltr'>Spa·</span> <span class='ocrx_word' id='word_1_304' title='bbox 1654 3153 2004 3209; x_wconf 83' lang='lat' dir='ltr'>koordiniert</span> <span class='ocrx_word' id='word_1_305' title='bbox 2057 3153 2167 3210; x_wconf 78' lang='lat' dir='ltr'>wie</span> <span class='ocrx_word' id='word_1_306' title='bbox 2221 3162 2318 3222; x_wconf 84' lang='lat'>13,</span> <span class='ocrx_word' id='word_1_307' title='bbox 2355 3162 2428 3212; x_wconf 79' lang='lat'>54</span> <span class='ocrx_word' id='word_1_308' title='bbox 2473 3157 2618 3227; x_wconf 75' lang='lat' dir='ltr'>quasi</span> <span class='ocrx_word' id='word_1_309' title='bbox 2650 3154 2714 3206; x_wconf 79' lang='lat' dir='ltr'>im·</span> 
     </span>
     <span class='ocr_line' id='line_1_35' title="bbox 423 3223 2719 3295; baseline 0.003 -16"><span class='ocrx_word' id='word_1_310' title='bbox 423 3227 594 3280; x_wconf 89' lang='lat' dir='ltr'>teren.</span> <span class='ocrx_word' id='word_1_311' title='bbox 645 3256 712 3265; x_wconf 91' lang='lat'>—</span> <span class='ocrx_word' id='word_1_312' title='bbox 762 3227 1044 3292; x_wconf 77' lang='lat' dir='ltr'>tabernas,</span> <span class='ocrx_word' id='word_1_313' title='bbox 1101 3223 1418 3279; x_wconf 68' lang='lat' dir='ltr'>Kaufladen</span> <span class='ocrx_word' id='word_1_314' title='bbox 1473 3241 1545 3279; x_wconf 85' lang='lat' dir='ltr'>an</span> <span class='ocrx_word' id='word_1_315' title='bbox 1648 3230 1812 3293; x_wconf 77' lang='lat' dir='ltr'>petus</span> <span class='ocrx_word' id='word_1_316' title='bbox 1858 3226 2080 3295; x_wconf 77' lang='lat' dir='ltr'>antiqui</span> <span class='ocrx_word' id='word_1_317' title='bbox 2125 3231 2177 3280; x_wconf 81' lang='lat' dir='ltr'>et</span> <span class='ocrx_word' id='word_1_318' title='bbox 2217 3228 2364 3281; x_wconf 82' lang='lat' dir='ltr'>bona</span> <span class='ocrx_word' id='word_1_319' title='bbox 2400 3226 2719 3285; x_wconf 67' lang='lat' dir='ltr'>mutatione,</span> 
     </span>
     <span class='ocr_line' id='line_1_36' title="bbox 424 3293 2381 3363; baseline 0.001 -13"><span class='ocrx_word' id='word_1_320' title='bbox 424 3297 524 3350; x_wconf 87' lang='lat' dir='ltr'>der</span> <span class='ocrx_word' id='word_1_321' title='bbox 545 3295 898 3350; x_wconf 79' lang='lat' dir='ltr'>Aussenseite</span> <span class='ocrx_word' id='word_1_322' title='bbox 921 3297 1018 3351; x_wconf 88' lang='lat' dir='ltr'>des</span> <span class='ocrx_word' id='word_1_323' title='bbox 1038 3296 1245 3363; x_wconf 82' lang='lat' dir='ltr'>Circus.</span> <span class='ocrx_word' id='word_1_324' title='bbox 1268 3325 1335 3335; x_wconf 93' lang='lat'><em>-</em></span> <span class='ocrx_word' id='word_1_325' title='bbox 1357 3298 1545 3350; x_wconf 78' lang='lat' dir='ltr'>merci·</span> <span class='ocrx_word' id='word_1_326' title='bbox 1656 3296 1767 3349; x_wconf 90' lang='lat' dir='ltr'>und</span> <span class='ocrx_word' id='word_1_327' title='bbox 1811 3297 1984 3352; x_wconf 86' lang='lat' dir='ltr'>sehon</span> <span class='ocrx_word' id='word_1_328' title='bbox 2021 3297 2116 3351; x_wconf 88' lang='lat' dir='ltr'>bei</span> <span class='ocrx_word' id='word_1_329' title='bbox 2154 3293 2381 3353; x_wconf 80' lang='lat' dir='ltr'>Sallust.</span> 
     </span>
     <span class='ocr_line' id='line_1_37' title="bbox 422 3365 2717 3443; baseline 0 -22"><span class='ocrx_word' id='word_1_330' title='bbox 422 3369 665 3421; x_wconf 76' lang='lat' dir='ltr'>monium</span> <span class='ocrx_word' id='word_1_331' title='bbox 733 3371 890 3421; x_wconf 87' lang='lat' dir='ltr'>sonst</span> <span class='ocrx_word' id='word_1_332' title='bbox 955 3386 1060 3421; x_wconf 88' lang='lat' dir='ltr'>nur</span> <span class='ocrx_word' id='word_1_333' title='bbox 1118 3366 1196 3421; x_wconf 93' lang='lat' dir='ltr'>im</span> <span class='ocrx_word' id='word_1_334' title='bbox 1254 3366 1372 3420; x_wconf 90' lang='lat' dir='ltr'>Alt-</span> <span class='ocrx_word' id='word_1_335' title='bbox 1428 3366 1546 3420; x_wconf 90' lang='lat' dir='ltr'>und</span> <span class='ocrx_word' id='word_1_336' title='bbox 1730 3373 1812 3421; x_wconf 89' lang='lat'>14.</span> <span class='ocrx_word' id='word_1_337' title='bbox 1879 3365 1995 3422; x_wconf 87' lang='lat' dir='ltr'>Das</span> <span class='ocrx_word' id='word_1_338' title='bbox 2064 3367 2559 3438; x_wconf 84' lang='lat' dir='ltr'>eingeklammerte</span> <span class='ocrx_word' id='word_1_339' title='bbox 2610 3371 2717 3443; x_wconf 64' lang='lat' dir='ltr'>adq-³</span> 
     </span>
     <span class='ocr_line' id='line_1_38' title="bbox 421 3435 2719 3507; baseline -0.001 -16"><span class='ocrx_word' id='word_1_340' title='bbox 421 3437 752 3507; x_wconf 69' lang='lat' dir='ltr'>Spatlatein.</span> <span class='ocrx_word' id='word_1_341' title='bbox 1656 3437 1877 3492; x_wconf 87' lang='lat' dir='ltr'>scheint</span> <span class='ocrx_word' id='word_1_342' title='bbox 1942 3439 2067 3493; x_wconf 88' lang='lat' dir='ltr'>eine</span> <span class='ocrx_word' id='word_1_343' title='bbox 2130 3456 2231 3494; x_wconf 88' lang='lat' dir='ltr'>aus</span> <span class='ocrx_word' id='word_1_344' title='bbox 2294 3435 2719 3496; x_wconf 66' lang='lat' dir='ltr'>Missverstandns</span> 
     </span>
    </p>

    <p class='ocr_par' dir='ltr' id='par_1_11' title="bbox 495 3500 2717 3579">
     <span class='ocr_line' id='line_1_39' title="bbox 495 3500 2717 3579; baseline -0.002 -15"><span class='ocrx_word' id='word_1_345' title='bbox 495 3510 852 3564; x_wconf 50' lang='lat' dir='ltr'>[citusstatt</span> <span class='ocrx_word' id='word_1_346' title='bbox 867 3511 1124 3565; x_wconf 81' lang='lat' dir='ltr'>concitus.</span> <span class='ocrx_word' id='word_1_347' title='bbox 1170 3509 1543 3574; x_wconf 73' lang='lat' dir='ltr'>S.Ein1.§.13.</span> <span class='ocrx_word' id='word_1_348' title='bbox 1652 3508 2056 3579; x_wconf 69' lang='lat' dir='ltr'>hinzugefx&#39;igte</span> <span class='ocrx_word' id='word_1_349' title='bbox 2083 3509 2294 3564; x_wconf 82' lang='lat' dir='ltr'>Glosse.</span> <span class='ocrx_word' id='word_1_350' title='bbox 2333 3500 2484 3566; x_wconf 75' lang='lat' dir='ltr'>Uber</span> <span class='ocrx_word' id='word_1_351' title='bbox 2509 3511 2598 3564; x_wconf 83' lang='lat' dir='ltr'>das</span> <span class='ocrx_word' id='word_1_352' title='bbox 2619 3507 2717 3573; x_wconf 84' lang='lat' dir='ltr'>dop-</span> 
     </span>
    </p>

    <p class='ocr_par' dir='ltr' id='par_1_12' title="bbox 494 3579 2408 3649">
     <span class='ocr_line' id='line_1_40' title="bbox 494 3579 2408 3649; baseline 0.001 -15"><span class='ocrx_word' id='word_1_353' title='bbox 494 3584 542 3634; x_wconf 87' lang='lat'>8.</span> <span class='ocrx_word' id='word_1_354' title='bbox 574 3581 913 3636; x_wconf 79' lang='lat' dir='ltr'>munimenta</span> <span class='ocrx_word' id='word_1_355' title='bbox 986 3582 1109 3636; x_wconf 88' lang='lat' dir='ltr'>sind</span> <span class='ocrx_word' id='word_1_356' title='bbox 1172 3580 1406 3635; x_wconf 84' lang='lat' dir='ltr'>Mauern</span> <span class='ocrx_word' id='word_1_357' title='bbox 1472 3596 1545 3635; x_wconf 88' lang='lat' dir='ltr'>an</span> <span class='ocrx_word' id='word_1_358' title='bbox 1651 3579 1807 3648; x_wconf 91' lang='lat' dir='ltr'>pelte</span> <span class='ocrx_word' id='word_1_359' title='bbox 1844 3597 1946 3649; x_wconf 76' lang='lat' dir='ltr'>que</span> <span class='ocrx_word' id='word_1_360' title='bbox 1982 3598 2022 3634; x_wconf 89' lang='lat' dir='ltr'>s.</span> <span class='ocrx_word' id='word_1_361' title='bbox 2063 3580 2207 3635; x_wconf 87' lang='lat' dir='ltr'>Einl.</span> <span class='ocrx_word' id='word_1_362' title='bbox 2247 3587 2291 3647; x_wconf 67' lang='lat'>§-</span> <span class='ocrx_word' id='word_1_363' title='bbox 2323 3588 2408 3636; x_wconf 86' lang='grc'><strong>65.</strong></span> 
     </span>
    </p>
   </div>
   <div class='ocr_carea' id='block_1_4' title="bbox 409 3644 2717 3863">
    <p class='ocr_par' dir='ltr' id='par_1_13' title="bbox 409 3644 2717 3863">
     <span class='ocr_line' id='line_1_41' title="bbox 421 3644 2717 3719; baseline -0.003 -14"><span class='ocrx_word' id='word_1_364' title='bbox 421 3651 530 3706; x_wconf 87' lang='lat' dir='ltr'>den</span> <span class='ocrx_word' id='word_1_365' title='bbox 570 3650 761 3706; x_wconf 89' lang='lat' dir='ltr'>Seiten</span> <span class='ocrx_word' id='word_1_366' title='bbox 796 3651 896 3707; x_wconf 85' lang='lat' dir='ltr'>der</span> <span class='ocrx_word' id='word_1_367' title='bbox 931 3651 1164 3707; x_wconf 73' lang='lat' dir='ltr'>Hauser.</span> <span class='ocrx_word' id='word_1_368' title='bbox 1729 3656 1809 3705; x_wconf 85' lang='lat'>15.</span> <span class='ocrx_word' id='word_1_369' title='bbox 1868 3667 2024 3705; x_wconf 84' lang='lat' dir='ltr'>mora</span> <span class='ocrx_word' id='word_1_370' title='bbox 2072 3683 2137 3692; x_wconf 92' lang='lat'><strong>—</strong></span> <span class='ocrx_word' id='word_1_371' title='bbox 2185 3652 2469 3719; x_wconf 79' lang='lat' dir='ltr'>festinans.</span> <span class='ocrx_word' id='word_1_372' title='bbox 2538 3644 2717 3705; x_wconf 73' lang='lat' dir='ltr'>Ablafiv</span> 
     </span>
     <span class='ocr_line' id='line_1_42' title="bbox 491 3710 2715 3792; baseline -0.002 -15"><span class='ocrx_word' id='word_1_373' title='bbox 491 3728 540 3777; x_wconf 79' lang='lat'>9.</span> <span class='ocrx_word' id='word_1_374' title='bbox 591 3710 741 3776; x_wconf 77' lang='lat' dir='ltr'>Uber</span> <span class='ocrx_word' id='word_1_375' title='bbox 776 3722 884 3776; x_wconf 88' lang='lat' dir='ltr'>den</span> <span class='ocrx_word' id='word_1_376' title='bbox 920 3724 1182 3778; x_wconf 87' lang='lat' dir='ltr'>modalen</span> <span class='ocrx_word' id='word_1_377' title='bbox 1218 3722 1405 3777; x_wconf 88' lang='lat' dir='ltr'>Ablat.</span> <span class='ocrx_word' id='word_1_378' title='bbox 1446 3723 1543 3776; x_wconf 81' lang='lat' dir='ltr'>im·</span> <span class='ocrx_word' id='word_1_379' title='bbox 1650 3720 1769 3774; x_wconf 88' lang='lat' dir='ltr'>und</span> <span class='ocrx_word' id='word_1_380' title='bbox 1795 3722 2046 3792; x_wconf 87' lang='lat' dir='ltr'>Particip</span> <span class='ocrx_word' id='word_1_381' title='bbox 2073 3723 2422 3778; x_wconf 86' lang='lat' dir='ltr'>koordiniert</span> <span class='ocrx_word' id='word_1_382' title='bbox 2444 3722 2547 3777; x_wconf 78' lang='lat' dir='ltr'>wie</span> <span class='ocrx_word' id='word_1_383' title='bbox 2567 3720 2652 3789; x_wconf 73' lang='grc' dir='ltr'><strong>ΚΡ.</strong></span> <span class='ocrx_word' id='word_1_384' title='bbox 2668 3719 2715 3769; x_wconf 78' lang='grc'>36</span> 
     </span>
     <span class='ocr_line' id='line_1_43' title="bbox 409 3793 2332 3863; baseline 0 -15"><span class='ocrx_word' id='word_1_385' title='bbox 409 3799 549 3863; x_wconf 75' lang='lat' dir='ltr'>peta</span> <span class='ocrx_word' id='word_1_386' title='bbox 586 3811 626 3848; x_wconf 87' lang='lat' dir='ltr'>s.</span> <span class='ocrx_word' id='word_1_387' title='bbox 666 3793 812 3846; x_wconf 87' lang='lat' dir='ltr'>Einl.</span> <span class='ocrx_word' id='word_1_388' title='bbox 853 3798 901 3858; x_wconf 62' lang='grc' dir='ltr'><strong>ς.</strong></span> <span class='ocrx_word' id='word_1_389' title='bbox 931 3800 1015 3849; x_wconf 88' lang='lat'>38.</span> <span class='ocrx_word' id='word_1_390' title='bbox 1653 3793 1915 3861; x_wconf 61' lang='lat' dir='ltr'>cupidine</span> <span class='ocrx_word' id='word_1_391' title='bbox 1950 3823 2022 3834; x_wconf 91' lang='lat'>—-</span> <span class='ocrx_word' id='word_1_392' title='bbox 2058 3796 2332 3849; x_wconf 76' lang='lat' dir='ltr'>metuenti.</span> 
     </span>
    </p>
   </div>
   <div class='ocr_carea' id='block_1_5' title="bbox 418 3858 2715 4004">
    <p class='ocr_par' dir='ltr' id='par_1_14' title="bbox 418 3858 2715 4004">
     <span class='ocr_line' id='line_1_44' title="bbox 494 3858 2715 3935; baseline -0.003 -16"><span class='ocrx_word' id='word_1_393' title='bbox 494 3870 576 3919; x_wconf 93' lang='lat'>10.</span> <span class='ocrx_word' id='word_1_394' title='bbox 628 3862 745 3919; x_wconf 87' lang='lat' dir='ltr'>Das</span> <span class='ocrx_word' id='word_1_395' title='bbox 806 3864 1055 3934; x_wconf 79' lang='lat' dir='ltr'>Part-icip</span> <span class='ocrx_word' id='word_1_396' title='bbox 1112 3865 1414 3935; x_wconf 71' lang='lat' dir='ltr'>adsurqens</span> <span class='ocrx_word' id='word_1_397' title='bbox 1469 3862 1545 3918; x_wconf 88' lang='lat' dir='ltr'>ist</span> <span class='ocrx_word' id='word_1_398' title='bbox 1728 3869 1811 3920; x_wconf 80' lang='lat'>17.</span> <span class='ocrx_word' id='word_1_399' title='bbox 1861 3865 2126 3919; x_wconf 73' lang='lat' dir='ltr'>latem‘bus</span> <span class='ocrx_word' id='word_1_400' title='bbox 2172 3871 2272 3919; x_wconf 79' lang='lat' dir='ltr'>aut</span> <span class='ocrx_word' id='word_1_401' title='bbox 2305 3866 2484 3932; x_wconf 79' lang='lat' dir='ltr'>fronte</span> <span class='ocrx_word' id='word_1_402' title='bbox 2514 3861 2609 3916; x_wconf 84' lang='lat' dir='ltr'>wie</span> <span class='ocrx_word' id='word_1_403' title='bbox 2637 3858 2715 3925; x_wconf 75' lang='grc' dir='ltr'>ΚΡ.</span> 
     </span>
     <span class='ocr_line' id='line_1_45' title="bbox 418 3933 2156 4004; baseline 0.001 -15"><span class='ocrx_word' id='word_1_404' title='bbox 418 3933 526 3989; x_wconf 91' lang='lat' dir='ltr'>mit</span> <span class='ocrx_word' id='word_1_405' title='bbox 562 3935 691 3988; x_wconf 89' lang='lat' dir='ltr'>dem</span> <span class='ocrx_word' id='word_1_406' title='bbox 718 3935 846 3992; x_wconf 91' lang='lat' dir='ltr'>Abl.</span> <span class='ocrx_word' id='word_1_407' title='bbox 882 3934 1142 4004; x_wconf 84' lang='lat' dir='ltr'>gerundii</span> <span class='ocrx_word' id='word_1_408' title='bbox 1171 3934 1544 4000; x_wconf 75' lang='lat' dir='ltr'>koordiniert3</span> <span class='ocrx_word' id='word_1_409' title='bbox 1652 3940 1720 3988; x_wconf 81' lang='lat'>37</span> <span class='ocrx_word' id='word_1_410' title='bbox 1762 3936 2156 4003; x_wconf 71' lang='lat' dir='ltr'>crepidinibus.</span> 
     </span>
    </p>
   </div>
   <div class='ocr_carea' id='block_1_6' title="bbox 421 4005 2711 4145">
    <p class='ocr_par' dir='ltr' id='par_1_15' title="bbox 421 4005 2711 4145">
     <span class='ocr_line' id='line_1_46' title="bbox 422 4005 2711 4079; baseline -0.001 -21"><span class='ocrx_word' id='word_1_411' title='bbox 422 4022 464 4061; x_wconf 87' lang='lat' dir='ltr'>s.</span> <span class='ocrx_word' id='word_1_412' title='bbox 514 4024 581 4058; x_wconf 87' lang='lat' dir='ltr'>zu</span> <span class='ocrx_word' id='word_1_413' title='bbox 632 4012 725 4074; x_wconf 85' lang='lat'>13,</span> <span class='ocrx_word' id='word_1_414' title='bbox 763 4012 830 4061; x_wconf 80' lang='lat'>47</span> <span class='ocrx_word' id='word_1_415' title='bbox 887 4008 1109 4061; x_wconf 78' lang='lat' dir='ltr'>trahens</span> <span class='ocrx_word' id='word_1_416' title='bbox 1163 4037 1230 4047; x_wconf 90' lang='lat'>—</span> <span class='ocrx_word' id='word_1_417' title='bbox 1278 4007 1544 4074; x_wconf 77' lang='lat' dir='ltr'>interpre·</span> <span class='ocrx_word' id='word_1_418' title='bbox 1724 4010 1808 4060; x_wconf 82' lang='lat'>21.</span> <span class='ocrx_word' id='word_1_419' title='bbox 1856 4007 2057 4061; x_wconf 77' lang='lat' dir='ltr'>diurni</span> <span class='ocrx_word' id='word_1_420' title='bbox 2098 4008 2274 4062; x_wconf 76' lang='lat' dir='ltr'>victus</span> <span class='ocrx_word' id='word_1_421' title='bbox 2316 4006 2391 4061; x_wconf 85' lang='lat' dir='ltr'>ist</span> <span class='ocrx_word' id='word_1_422' title='bbox 2425 4005 2604 4061; x_wconf 81' lang='lat' dir='ltr'>Genet</span> <span class='ocrx_word' id='word_1_423' title='bbox 2643 4015 2711 4079; x_wconf 63' lang='lat' dir='ltr'>ap·</span> 
     </span>
     <span class='ocr_line' id='line_1_47' title="bbox 421 4075 2709 4145; baseline -0 -16"><span class='ocrx_word' id='word_1_424' title='bbox 421 4077 606 4130; x_wconf 68' lang='lat' dir='ltr'>tanda</span> <span class='ocrx_word' id='word_1_425' title='bbox 1259 4099 1284 4121; x_wconf 62' lang='grc' dir='ltr'><em>κ</em></span> <span class='ocrx_word' id='word_1_426' title='bbox 1650 4076 2023 4144; x_wconf 85' lang='lat' dir='ltr'>positionalis,</span> <span class='ocrx_word' id='word_1_427' title='bbox 2054 4095 2163 4133; x_wconf 87' lang='lat' dir='ltr'>von</span> <span class='ocrx_word' id='word_1_428' title='bbox 2181 4078 2431 4145; x_wconf 67' lang='lat' dir='ltr'>‘fortunis</span> <span class='ocrx_word' id='word_1_429' title='bbox 2457 4075 2709 4141; x_wconf 42' lang='lat' dir='ltr'>abhangngm</span> 
     </span>
    </p>
   </div>
   <div class='ocr_carea' id='block_1_7' title="bbox 408 4143 2711 4360">
    <p class='ocr_par' dir='ltr' id='par_1_16' title="bbox 408 4143 2711 4360">
     <span class='ocr_line' id='line_1_48' title="bbox 494 4143 2711 4216; baseline 0 -18"><span class='ocrx_word' id='word_1_430' title='bbox 494 4151 577 4199; x_wconf 85' lang='lat'>13.</span> <span class='ocrx_word' id='word_1_431' title='bbox 626 4147 700 4200; x_wconf 80' lang='lat' dir='ltr'>ad</span> <span class='ocrx_word' id='word_1_432' title='bbox 743 4147 842 4202; x_wconf 83' lang='lat' dir='ltr'>hoc</span> <span class='ocrx_word' id='word_1_433' title='bbox 870 4173 938 4193; x_wconf 90' lang='lat'><em>=</em></span> <span class='ocrx_word' id='word_1_434' title='bbox 967 4143 1109 4216; x_wconf 84' lang='grc' dir='ltr'><strong><em>πρὸς</em></strong></span> <span class='ocrx_word' id='word_1_435' title='bbox 1143 4144 1389 4215; x_wconf 78' lang='grc' dir='ltr'><strong><em>τούτοις,</em></strong></span> <span class='ocrx_word' id='word_1_436' title='bbox 1435 4146 1542 4200; x_wconf 84' lang='lat' dir='ltr'>wie</span> <span class='ocrx_word' id='word_1_437' title='bbox 1649 4146 1784 4201; x_wconf 88' lang='lat' dir='ltr'>Man</span> <span class='ocrx_word' id='word_1_438' title='bbox 1844 4149 2088 4203; x_wconf 88' lang='lat' dir='ltr'>braucht</span> <span class='ocrx_word' id='word_1_439' title='bbox 2150 4149 2270 4203; x_wconf 87' lang='lat' dir='ltr'>also</span> <span class='ocrx_word' id='word_1_440' title='bbox 2330 4147 2510 4202; x_wconf 88' lang='lat' dir='ltr'>nichts</span> <span class='ocrx_word' id='word_1_441' title='bbox 2564 4143 2711 4198; x_wconf 76' lang='lat' dir='ltr'>hinzu-</span> 
     </span>
     <span class='ocr_line' id='line_1_49' title="bbox 426 4215 1903 4288; baseline 0.004 -22"><span class='ocrx_word' id='word_1_442' title='bbox 426 4220 517 4280; x_wconf 86' lang='lat'>12,</span> <span class='ocrx_word' id='word_1_443' title='bbox 555 4220 640 4271; x_wconf 82' lang='lat'>34.</span> <span class='ocrx_word' id='word_1_444' title='bbox 691 4221 785 4282; x_wconf 84' lang='lat'>13,</span> <span class='ocrx_word' id='word_1_445' title='bbox 824 4223 908 4273; x_wconf 85' lang='lat'>34.</span> <span class='ocrx_word' id='word_1_446' title='bbox 958 4250 1023 4257; x_wconf 90' lang='lat'><strong>—</strong></span> <span class='ocrx_word' id='word_1_447' title='bbox 1070 4219 1216 4285; x_wconf 80' lang='lat' dir='ltr'>fessa</span> <span class='ocrx_word' id='word_1_448' title='bbox 1252 4216 1350 4272; x_wconf 86' lang='lat' dir='ltr'>ctt.</span> <span class='ocrx_word' id='word_1_449' title='bbox 1433 4215 1541 4272; x_wconf 89' lang='lat' dir='ltr'>Die</span> <span class='ocrx_word' id='word_1_450' title='bbox 1649 4218 1903 4288; x_wconf 72' lang='lat' dir='ltr'>zuffigen.</span> 
     </span>
     <span class='ocr_line' id='line_1_50' title="bbox 408 4285 2518 4360; baseline 0.004 -24"><span class='ocrx_word' id='word_1_451' title='bbox 408 4290 676 4351; x_wconf 76' lang='lat' dir='ltr'>paventes</span> <span class='ocrx_word' id='word_1_452' title='bbox 722 4287 984 4343; x_wconf 77' lang='lat' dir='ltr'>zei-fallen</span> <span class='ocrx_word' id='word_1_453' title='bbox 1027 4288 1086 4344; x_wconf 89' lang='lat' dir='ltr'>in</span> <span class='ocrx_word' id='word_1_454' title='bbox 1124 4287 1245 4342; x_wconf 89' lang='lat' dir='ltr'>drei</span> <span class='ocrx_word' id='word_1_455' title='bbox 1280 4285 1540 4342; x_wconf 85' lang='lat' dir='ltr'>Klassen:</span> <span class='ocrx_word' id='word_1_456' title='bbox 1721 4294 1805 4345; x_wconf 81' lang='lat'>23.</span> <span class='ocrx_word' id='word_1_457' title='bbox 1854 4290 2138 4356; x_wconf 76' lang='lat' dir='ltr'>defendere</span> <span class='ocrx_word' id='word_1_458' title='bbox 2172 4290 2292 4346; x_wconf 83' lang='lat' dir='ltr'>scil.</span> <span class='ocrx_word' id='word_1_459' title='bbox 2328 4290 2518 4360; x_wconf 74' lang='lat' dir='ltr'>iqnem.</span> 
     </span>
    </p>
   </div>
   <div class='ocr_carea' id='block_1_8' title="bbox 2757 2469 2766 3128">
    <p class='ocr_par' dir='ltr' id='par_1_17' title="bbox 2757 2469 2766 3128">
     <span class='ocr_line' id='line_1_51' title="bbox 2757 2469 2766 3128; baseline 0 0"><span class='ocrx_word' id='word_1_460' title='bbox 2757 2469 2766 3128; x_wconf 95' lang='lat' dir='ltr'> </span> 
     </span>
    </p>
   </div>
  </div>
 </body>
</html>
