2867 4625
366 74 499 140 222

1023 74 1370 131 CORNELII
1407 74 1652 131 TACITI
1689 76 2080 133 ANNALIUM

293 257 325 304 5
364 261 511 305 cum
556 239 860 304 manibus
906 238 1140 303 nesciis
1186 237 1592 324 fatiscerent,
1643 240 1987 306 turbarent
2033 261 2270 326 gnaros
2318 264 2396 309 ac
2445 265 2641 329 saepe
2687 269 2724 311 a

362 328 679 393 militibus
725 327 1238 411 verberarentur,
1282 327 1395 413 qui
1441 350 1556 412 per
1602 345 1841 394 cuneos
1890 330 2174 416 stabant,
2216 353 2301 396 ne
2347 333 2526 417 quod
2564 337 2725 399 tem-

362 416 539 501 poris
588 419 990 482 momentum
1033 416 1247 500 inpari
1292 416 1574 483 clamore
1620 422 1736 484 aut
1781 418 2045 484 silentio
2092 422 2275 506 segni
2318 423 2726 504 praeteriret.

363 506 657 571 constitit
708 506 1049 589 plerosque
1107 505 1423 590 equitum,
1481 505 1633 572 dum
1687 528 1805 592 per
1861 508 2196 593 angustias
2244 510 2461 575 aditus
2512 515 2586 576 et
2628 512 2725 576 in·

362 597 701 678 gruentem
747 593 1226 659 multitudinem
1273 595 1620 679 enituntur,
1667 596 1967 681 obtritos,
2013 601 2081 662 et
2126 599 2307 681 alios,
2352 599 2512 664 dum
2553 599 2726 666 diem

259 700 323 748 10
359 686 746 768 noctemque
819 683 1126 748 sedilibus
1200 683 1615 767 continuant,
1686 686 1915 750 morbo
1982 686 2301 752 exitiabili
2365 693 2726 773 correptos.

360 772 599 857 quippe
655 772 913 858 gravior
968 772 1181 837 inerat
1235 775 1475 856 metus,
1534 774 1591 839 si
1637 777 2003 858 spectaculo
2052 776 2435 860 defuissent,
2492 778 2726 844 multis

357 862 577 945 palam
633 865 701 926 et
753 861 1050 945 pluribus
1098 861 1395 946 occultis,
1451 865 1526 927 ut
1569 863 1835 929 nomina
1879 885 1955 929 ac
2000 865 2252 949 vultuS,
2307 866 2729 932 alacritatem

358 950 822 1035 tristitiamque
869 951 1237 1016 coeuntium
1284 953 1747 1017 scrutarentur.
1820 953 1992 1017 unde
2036 954 2439 1020 tenuioribus
2491 957 2728 1021 statim

358 1039 665 1123 inrogata
719 1039 1064 1124 supplicia,
1120 1039 1459 1105 adversum
1515 1040 1822 1106 inlustres
1876 1042 2354 1107 dissimulatum
2402 1044 2486 1108 ad
2534 1067 2727 1128 prae·

254 1143 319 1193 15
360 1150 506 1193 sens
555 1132 622 1193 et
665 1151 816 1193 mox
860 1128 1181 1193 redditum
1227 1128 1464 1194 odium.
1539 1128 1959 1216 ferebantque
2011 1130 2506 1216 Vespasianum,
2555 1137 2725 1199 tam-

360 1239 555 1301 quam
603 1238 831 1282 somno
878 1217 1225 1301 coniveret,
1272 1239 1311 1281 a
1355 1216 1621 1283 Phoebo
1668 1219 1906 1284 liberto
1954 1220 2343 1305 increpitum
2390 1242 2726 1308 aegreque

356 1306 700 1372 meliorum
737 1306 1033 1390 precibus
1064 1307 1412 1391 obtectum,
1448 1328 1599 1372 mox
1627 1307 2057 1374 inminentem
2086 1310 2440 1394 perniciem
2468 1311 2725 1378 maiore

353 1394 490 1460 fato
539 1395 858 1481 effugisse.

532 1483 694 1550 Post
736 1485 934 1550 finem
978 1484 1209 1549 ludicri
1253 1484 1561 1568 Poppaea
1605 1489 1880 1551 mortem
1930 1486 2120 1571 obiit,
2173 1486 2448 1553 fortuita
2500 1490 2724 1554 mariti

356 1572 717 1658 iracundia,
772 1595 812 1637 a
858 1594 983 1658 quo
1032 1573 1303 1658 gravida
1348 1574 1482 1638 ictu
1531 1575 1726 1639 calcis
1775 1575 2032 1639 adflicta
2076 1579 2193 1641 est.
2284 1598 2496 1661 neque
2549 1578 2721 1643 enim

356 1681 677 1726 venenum
724 1661 1131 1746 crediderim,
1178 1663 1475 1746 quamvis
1523 1662 1786 1748 quidam
1834 1664 2181 1747 scriptores
2226 1665 2522 1749 tradant,
2572 1667 2720 1731 odio

356 1750 567 1835 magis
615 1772 809 1835 quam
856 1772 931 1816 ex
976 1751 1129 1815 fide:
1177 1751 1414 1835 quippe
1451 1751 1802 1818 liberorum
1843 1752 2107 1837 cupiens
2146 1757 2212 1817 et
2248 1755 2456 1818 amori
2496 1756 2716 1821 uxoris

282 1855 313 1904 5
354 1838 673 1903 obnoxius
730 1842 886 1904 erat.
977 1860 1208 1923 corpus
1263 1861 1396 1905 non
1459 1840 1597 1925 igni
1645 1842 1988 1924 abolitum,
2047 1846 2121 1906 ut
2165 1841 2507 1908 Romanus
2556 1867 2717 1928 mos,

354 1925 467 1990 sed
531 1948 757 2012 regum
822 1930 1233 1993 externorum
1292 1929 1760 1995 consuetudine
1816 1930 2144 1996 differtum
2199 1931 2511 1997 odoribus
2568 1955 2717 1997 con·

352 2014 525 2080 ditur
596 2017 973 2101 tumuloque
1046 2015 1362 2081 Iuliorum
1425 2018 1720 2083 infertur.

1830 2020 2058 2085 ductae
2121 2024 2344 2084 tamen
2407 2021 2715 2104 publicae

350 2106 723 2190 exsequiae,
781 2105 1195 2191 laudavitque
1244 2107 1384 2190 ipse
1432 2107 1604 2192 apud
1649 2111 1864 2173 rostra
1909 2109 2188 2174 formam
2235 2109 2373 2173 eius
2420 2113 2495 2175 et
2541 2111 2712 2196 quod

349 2263 520 2318 bellis.
608 2263 723 2319 Das
782 2264 945 2319 Wort
998 2264 1075 2318 ist
1130 2262 1473 2320 dichterisch

347 2335 465 2388 und
500 2335 938 2389 nachklassisch.

420 2410 470 2461 5.
507 2406 760 2472 fatiscere
794 2425 834 2461 s.
874 2424 939 2459 zu
981 2411 1064 2475 14,
1104 2412 1189 2460 24.

420 2482 469 2530 9.
509 2476 647 2531 eniti
682 2476 1151 2547 „hinaufsteigen‚
1189 2477 1309 2531 sich
1346 2477 1470 2532 hin-

346 2546 731 2617 aufdrangeffl
787 2548 893 2603 wie
948 2547 1043 2603 bei
1099 2548 1304 2603 Caesar
1357 2548 1472 2603 und

345 2616 553 2674 Livius.
631 2618 758 2689 Vgl.
811 2625 858 2686 1,
898 2624 965 2673 65
1012 2618 1195 2674 enisae
1240 2619 1473 2689 legiones

345 2690 411 2742 i‘n
456 2695 663 2759 aperta.
743 2697 789 2758 1,
829 2696 897 2745 70
937 2690 1003 2744 in
1036 2691 1289 2746 editiora.
1362 2688 1470 2745 Mit

347 2759 476 2814 dem
512 2761 816 2816 Accusativ
852 2768 903 2830 2,
942 2766 1026 2816 20.
1065 2760 1196 2817 hist.
1239 2766 1285 2829 1,
1325 2767 1409 2817 23.

420 2837 500 2887 10.
554 2832 907 2900 continuant,
951 2831 1060 2886 wie
1106 2830 1171 2886 G.
1212 2837 1281 2886 22
1327 2834 1469 2888 diem

344 2907 652 2973 noctemque
707 2905 1030 2959 continuare
1076 2905 1343 2973 potando.
1398 2935 1465 2945 —

343 2974 664 3041 exitiabilis,
706 2974 875 3029 meist
911 2975 1283 3043 unklassisch,
1321 2976 1468 3030 auch

346 3048 565 3170 15,74,4.
621 3045 748 3100 hist.
798 3052 849 3115 2,
897 3052 981 3101 69.
1055 3045 1185 3116 Vgl.
1224 3065 1290 3100 zu
1337 3063 1464 3102 ann.

343 3120 392 3184 e,
468 3155 482 3168 .

418 3191 500 3239 11.
545 3192 718 3242 metus
761 3189 813 3242 si
854 3206 959 3241 nur
995 3187 1117 3242 hier
1151 3187 1267 3242 und
1306 3194 1353 3257 1,
1396 3195 1460 3243 11

341 3258 543 3326 quibus
603 3274 752 3312 umus
804 3263 999 3326 metus,
1061 3260 1114 3313 si
1166 3261 1465 3330 intelliqcre

339 3328 667 3383 viderentur.

416 3404 498 3453 12.
555 3400 668 3453 Das
714 3399 939 3455 Adverb
985 3402 1180 3471 palam
1235 3402 1314 3457 ist
1357 3404 1465 3457 mit

340 3469 519 3526 einem
560 3470 782 3526 Nomen
818 3471 1190 3541 koordiniert,
1228 3473 1334 3528 wie
1375 3481 1457 3544 12,

344 3548 407 3596 13
438 3542 636 3612 palam
673 3572 738 3582 —
769 3559 873 3612 per
901 3546 1126 3601 occulta.
1184 3551 1231 3615 1,
1261 3551 1330 3600 49
1358 3562 1461 3615 pa·

345 3615 456 3669 lam
494 3644 560 3653 —
597 3615 662 3668 in
697 3615 928 3681 occulto,
964 3615 1079 3669 und
1117 3615 1277 3670 oster.

416 3690 496 3741 15.
553 3686 828 3740 redditum
875 3684 1117 3754 „wieder
1162 3688 1461 3758 hervorge-

338 3756 487 3825 holt,
545 3757 1089 3826 hervorbrechend“‚
1144 3758 1204 3812 in
1250 3758 1460 3814 diesem

340 3827 510 3882 Sinne
545 3821 645 3882 ἅπ.
685 3826 786 3898 sio.
857 3827 1035 3882 Dafiir
1073 3830 1224 3884 steht
1257 3831 1460 3897 referre

342 3902 394 3965 1,
466 3905 514 3952 6.
553 3904 605 3966 4,
643 3904 692 3954 4.
734 3930 799 3939 --
839 3898 1153 3969 Vespasian
1190 3901 1329 3954 wird
1365 3919 1454 3954 zu-

338 3984 425 4022 ers
489 3976 539 4036 3,
570 3974 637 4023 55
676 3970 956 4024 erwahnt:
987 3973 1328 4040 praecipuus
1357 3973 1456 4027 ad-

336 4040 515 4092 stricti
575 4042 739 4095 moris
803 4046 1009 4097 auctor.
1101 4041 1178 4095 Er
1239 4042 1459 4097 kommt

340 4112 495 4163 sonst
546 4110 607 4163 in
661 4112 769 4165 den
814 4113 1068 4166 Annalen
1122 4112 1285 4167 nicht
1338 4131 1454 4170 vor.

340 4177 516 4231 Unter
544 4180 802 4249 Caligula
838 4181 1039 4252 spielte
1077 4199 1136 4237 er
1173 4182 1264 4237 die
1291 4183 1455 4239 Rolle

339 4247 489 4301 eines
519 4249 921 4307 Schmeichlers
959 4270 1143 4325 gegen
1179 4255 1288 4309 den
1320 4253 1453 4309 Kai—

1582 2281 1695 2333 ser,
1742 2266 1905 2321 unter
1944 2264 2207 2322 Claudius
2245 2284 2363 2322 war
2399 2283 2464 2322 er
2501 2268 2712 2338 Zeqatus

1581 2337 1809 2408 leyionis
1861 2337 1922 2391 in
1970 2337 2307 2393 Germanien
2356 2340 2477 2394 und
2524 2340 2707 2394 zeich-

1579 2410 1709 2462 nete
1765 2408 1884 2463 sich
1930 2409 1990 2462 in
2033 2408 2361 2464 Britannien
2410 2426 2533 2466 aus,
2606 2411 2706 2466 Ala

1579 2479 1865 2549 Begleiter
1920 2480 2016 2535 des
2062 2481 2212 2536 Nero
2272 2481 2374 2535 auf
2415 2482 2520 2536 der
2562 2481 2708 2551 grie·

1579 2550 1843 2604 chischen
1871 2551 2197 2607 Kunstreise
2234 2552 2368 2606 faut
2404 2569 2469 2607 er
2505 2554 2566 2608 in
2592 2554 2704 2608 Un-

1579 2621 1790 2690 gnade,
1836 2622 1984 2676 cum'
2005 2628 2261 2678 cantante
2301 2639 2361 2679 eo
2399 2629 2505 2678 aut
2538 2626 2705 2680 disce·

1575 2692 1722 2746 deret
1774 2694 1997 2762 saepius
2051 2699 2150 2748 aut
2193 2711 2459 2764 praesens
2513 2697 2705 2751 obdor-

1574 2764 1816 2831 misceret
1853 2763 2026 2832 (Suet.
2057 2764 2224 2835 Vesp.
2263 2769 2336 2835 4),
2376 2767 2537 2821 ward
2572 2768 2709 2821 aber

1575 2834 1709 2888 bald
1766 2835 1970 2889 darauf
2015 2837 2122 2890 mit
2175 2835 2302 2890 dem
2357 2835 2705 2892 Oberbefehl

1575 2922 1758 3031 3⁶53?
1780 2906 2377 3032 ffifflenw'fffffl
2421 2978 2550 3033 hier
2591 2996 2700 3034 vo„

1575 3047 1707 3101 Tac.
1746 3049 2015 3102 erwahnt.
2756 3064 2761 3065 ⁷

1655 3124 1735 3172 1⁷.
1773 3120 1978 3174 maiore
2009 3121 2156 3187 fato,
2193 3119 2319 3174 weil
2362 3119 2521 3175 seine
2559 3121 2699 3176 Stel-

1572 3190 1711 3259 lung
1766 3190 1845 3244 im
1890 3189 2084 3246 Orient
2138 3192 2229 3246 die
2276 3190 2550 3247 Vorstufe
2605 3209 2699 3246 zur

1574 3260 2100 3332 Thronbesteigung
2134 3262 2304 3317 ward.

1642 3331 1701 3386 6.
1732 3338 1798 3457 Ο1.
1846 3318 1999 3388 Uber
2043 3333 2310 3404 Poppaea
2353 3333 2473 3404 vgl.
2525 3339 2608 3404 14,
2646 3340 2691 3389 1.

1649 3480 1698 3527 5.
1737 3475 2025 3543 abolitum,
2061 3475 2120 3529 in
2157 3476 2448 3531 'ahnlicher
2484 3476 2694 3531 Beden-

1569 3547 1710 3615 tung
1775 3552 1827 3614 2,
1882 3551 1952 3600 49
2011 3548 2169 3602 deum
2223 3548 2381 3602 aedes
2433 3552 2692 3603 vetustate

1569 3622 1670 3670 aut
1704 3616 1826 3686 iyni
1861 3618 2108 3674 abolitas.
2160 3617 2302 3674 Plin.
2341 3634 2431 3688 ep.
2466 3624 2516 3686 7,
2547 3624 2627 3685 19,
2654 3624 2687 3672 6

1571 3688 1741 3742 libros
1776 3719 1846 3729 -
1882 3690 2127 3744 abolitos.
2202 3689 2276 3744 So
2313 3692 2501 3744 zuerst
2538 3689 2687 3758 Virg.

1569 3761 1634 3811 A.
1672 3765 1724 3828 4,
1763 3763 1866 3814 497
1905 3765 2269 3816 monumenta.

1640 3835 1689 3883 6.
1735 3830 1986 3899 differtus
2023 3831 2392 3901 „angefiillt“,
2428 3831 2521 3887 bei
2558 3831 2689 3884 Tac.

1564 3895 1664 3956 ἅπ.
1712 3899 1846 3970 sla,
1895 3903 2023 3955 sehr
2067 3903 2271 3968 selten‚
2320 3902 2469 3957 doch
2516 3903 2686 3957 sehon

1564 3972 1658 4026 bei
1686 3971 1838 4026 Caes.
1874 3972 1926 4027 b.
1966 3990 2010 4028 c.
2051 3979 2102 4042 3,
2140 3980 2208 4028 32
2237 3975 2542 4042 provincia
2573 3972 2679 4039 dit·-

1562 4044 1708 4110 ferta
1732 4045 2044 4111 praefectis.

1638 4119 1683 4169 7.
1723 4116 1969 4170 tumulus
1997 4117 2278 4170 Iuliorum
2304 4115 2384 4171 ist
2411 4115 2511 4170 das
2539 4113 2679 4169 efter

1563 4184 1848 4239 erwahnte
1873 4185 2237 4255 Mausoleum,
2267 4185 2368 4240 das
2397 4187 2676 4256 Augustus

1561 4255 1664 4310 auf
1694 4254 1823 4309 dem
1859 4256 2157 4313 Marsfelde
2195 4257 2428 4312 erbauet
2461 4258 2624 4312 hatte.
