2867 4625
967 99 1190 154 LIBER
1214 99 1311 156 111.
1379 98 1533 158 CAP.
1568 105 1795 158 ἰε-76.
2440 101 2568 166 197

235 265 563 329 cellentem
623 262 1004 348 dignatione
1051 263 1189 328 eius
1251 263 1680 348 magistratus
1737 264 2032 328 anteiret.
2131 285 2413 349 namque
2466 265 2581 330 illa

238 357 406 418 aetas
453 354 579 417 duo
628 351 806 436 pacis
854 352 1088 416 decora
1125 351 1317 417 simul
1354 352 1528 437 tulit,
1568 352 1682 417 sed
1720 350 1938 417 Labeo
1977 351 2350 437 incorrupta
2386 353 2583 419 liber-

236 446 379 521 tate,
424 445 491 506 et
536 441 620 506 ob
667 440 735 505 id
771 441 949 506 fama
987 441 1392 525 celebratior,
1440 440 1782 526 Capitonis
1821 441 2203 527 obsequium
2241 443 2580 507 dominan-

237 531 400 596 tibus
463 530 678 614 magis
741 530 1162 614 probabatur.
1270 530 1399 615 illi,
1464 530 1639 615 quod
1701 533 2076 613 praeturam
2139 530 2317 596 intra
2381 531 2581 614 stetit,
2620 552 2688 602 ιο

238 619 696 685 commendatio
758 640 835 684 ex
894 618 1159 702 iniuria,
1215 618 1399 703 huic,
1458 619 1631 703 quod
1678 619 2095 685 consulatum
2141 623 2416 704 adeptus
2461 623 2580 703 est,

237 708 444 774 odium
490 729 570 773 ex
614 707 862 773 invidia
906 708 1255 772 oriebatur.

401 796 492 864 Et
549 796 743 861 Iunia
807 796 1257 882 sexagensimo
1314 799 1550 880 quarto
1616 799 1768 881 post
1820 795 2312 881 Philippensem
2375 797 2578 862 aciem
2602 806 2685 871 76

235 908 395 952 anno
461 907 834 971 supremum
901 886 1074 951 diem
1137 885 1450 970 explevit,
1514 883 1762 951 Catone
1818 886 2139 951 avunculo
2204 885 2452 971 genita,
2508 883 2578 952 G.

233 973 434 1041 Cassii
492 996 683 1058 uxor,
747 974 835 1041 M.
883 973 1072 1038 Bruti
1132 995 1335 1039 soror.
1441 977 1905 1039 testamentum
1964 974 2105 1039 eius
2152 973 2358 1039 multo
2406 973 2579 1058 apud

235 1065 494 1150 vulgum
539 1084 799 1128 rumore
844 1062 988 1148 fuit,
1035 1063 1189 1147 quia
1233 1063 1304 1129 in
1348 1064 1607 1147 magnis
1656 1063 1909 1150 opibus,
1955 1084 2101 1129 cum
2146 1062 2352 1127 ferme
2389 1083 2578 1128 cunc-

235 1158 336 1220 tos
370 1174 672 1237 proceres
710 1174 856 1217 cum
892 1151 1141 1217 honore
1177 1151 1663 1235 nominavisset,
1708 1150 2056 1217 Caesarem
2090 1151 2333 1217 omisit.
2404 1151 2579 1237 quod
2617 1178 2651 1228 5

235 1242 505 1309 civiliter
547 1245 914 1327 acceptum,
963 1261 1171 1326 neque
1214 1241 1558 1326 prohibuit
1603 1262 1732 1325 quo
1779 1241 1994 1307 minus
2041 1240 2412 1306 laudatione
2455 1262 2577 1324 pro

228 1331 455 1397 rostris
523 1331 877 1416 ceterisque
942 1330 1368 1396 sollemnibus
1422 1329 1623 1395 funus
1689 1329 2242 1396 cohonestaretur.
2340 1330 2578 1415 viginti

231 1420 729 1487 clarissimarum
802 1418 1203 1486 familiarum
1282 1420 1605 1504 imagines
1678 1419 2008 1485 antelatae
2082 1423 2262 1504 sunt,
2331 1416 2581 1502 Manlii,

232 1508 517 1585 Quinctii
581 1508 839 1594 aliaque
899 1508 1192 1573 eiusdem
1245 1507 1613 1575 nobilitatis
1667 1508 1952 1573 nomina.
2062 1508 2175 1574 sed
2218 1508 2582 1593 praefulge-

226 1598 389 1664 bant
431 1596 697 1664 Cassius
757 1601 954 1683 atque
999 1596 1244 1663 Brutus
1302 1619 1378 1663 eo
1437 1598 1584 1682 ipso
1647 1597 1820 1682 quod
1876 1597 2126 1684 effigies
2182 1618 2407 1664 eorum
2449 1618 2581 1662 non
2624 1622 2691 1671 10

228 1688 625 1753 visebantur.

462 1878 561 1932 des
582 1876 782 1960 Capito
805 1878 954 1934 nach
969 1878 1098 1933 dem
1118 1878 1352 1934 Sehffler
1531 1883 1583 1932 4.
1658 1864 1809 1934 Uber
1858 1879 1972 1934 don
2011 1879 2311 1935 Aocuaaffiv
2354 1878 2583 1950 esayam

223 1948 521 2005 desselben
552 1948 789 2005 Sabinus
817 1950 929 2005 den
949 1946 1171 2005 Namen
1191 1948 1351 2006 Sabi·
1461 1966 1504 2003 s.
1543 1967 1612 2004 zu
1651 1956 1699 2016 1,
1737 1955 1823 2005 47.

219 2021 425 2076 nianer
458 2018 707 2075 ffihrten.
1533 2026 1584 2076 8.
1652 2020 1886 2077 Manlii.
1941 2020 2053 2075 Mit
2080 2021 2264 2076 dieser
2291 2019 2440 2075 Gens
2465 2037 2583 2076 war

297 2092 393 2148 76.
430 2096 483 2145 2.
524 2090 755 2160 Catone,
793 2090 1045 2146 namlich
1078 2086 1349 2147 Uticensi.
1459 2091 1494 2146 J
1497 2108 1633 2146 uma
1659 2094 1968 2161 verwandt,
2000 2090 2131 2148 weil
2166 2088 2259 2147 ein
2289 2090 2443 2145 Sohn
2480 2089 2579 2145 des

222 2162 394 2220 Seine
441 2161 755 2218 Schwester
801 2162 1042 2218 Servilia
1085 2178 1203 2217 war
1257 2161 1349 2218 die
1460 2163 1525 2219 Τ.
1562 2161 1807 2218 Manlius
1851 2163 2167 2231 Torquatus
2212 2162 2293 2215 im
2346 2159 2586 2216 zweiten

218 2233 435 2290 Mutter
473 2233 572 2288 des
608 2233 685 2289 M.
722 2234 957 2303 Brums,
983 2233 1228 2288 welcher
1276 2248 1351 2289 an
1457 2233 1843 2289 Jahrhundert
1890 2250 1944 2290 v.
1991 2232 2119 2290 Chr.
2166 2249 2281 2288 von
2335 2231 2463 2288 dem
2513 2231 2582 2285 D.

219 2305 323 2362 dor
349 2303 712 2375 Emordung
735 2305 838 2361 des
857 2275 1033 2361 caim
1056 2304 1352 2363 teilnabm.
1461 2306 1662 2361 Juniun
1689 2305 1913 2361 Silanus
1941 2305 2089 2376 adop
2090 2303 2228 2360 tiert
2248 2321 2383 2360 war.
2456 2302 2585 2358 Ihre

219 2375 386 2433 Doch
451 2377 719 2432 etammte
793 2367 950 2431 diese
1011 2375 1046 2430 J
1049 2392 1183 2431 uma
1254 2393 1355 2432 aus
1460 2377 1955 2432 Verwandtschaft
1989 2377 2098 2431 mit
2125 2375 2225 2431 der
2251 2375 2404 2431 alten
2433 2372 2583 2429 Gens

215 2448 320 2503 der
368 2446 607 2503 zweiten
639 2447 762 2503 Ehe
816 2447 918 2502 der
963 2445 1202 2502 Servilia
1246 2448 1356 2502 mit
1464 2446 1731 2515 Quinctia
1764 2447 1843 2503 ist
1878 2447 2041 2502 nicht
2075 2446 2519 2502 nachzuweisen.

213 2517 424 2575 sanius
493 2518 734 2574 Simnas.
832 2517 948 2573 Der
1013 2517 1352 2573 sonderbare
1536 2524 1621 2573 10.
1694 2534 1810 2574 non
1844 2519 2179 2575 visebantum.
2250 2515 2357 2572 Die
2392 2514 2586 2571 Bilder

211 2588 524 2646 Ausdruck
573 2589 784 2646 Catone
837 2591 1113 2645 avunculo
1152 2591 1353 2673 genita
1462 2589 1564 2645 der
1599 2588 1826 2645 Mon-der
1861 2588 2059 2645 Casan
2095 2589 2190 2644 bei
2226 2588 2586 2644 offentlichen

210 2662 495 2787 1hiidegtet
530 2661 678 2730 also,
730 2659 855 2716 dass
895 2660 1034 2716 Cato
1070 2659 1353 2716 Uticensis
1460 2659 1864 2788 {gozenwionen
1917 2679 1986 2715 zu
2041 2659 2262 2730 wigen,
2309 2677 2428 2715 war
2461 2674 2585 2713 ver-

275 2751 306 2786 r
398 2731 555 2788 heim
591 2749 726 2787 war.
1535 2735 1650 2790 ten.
