2867 4625
1034 63 1258 120 LIBER
1292 63 1361 120 Π.
1427 63 1847 119 CAP.12-14.
2496 65 2625 132 103
2727 30 2730 31 f

266 234 572 311 ruptores
619 228 801 313 pacis
846 226 1087 292 ultioni
1134 230 1199 290 et
1247 226 1496 312 gloriae
1542 226 1940 292 mactandos.
2030 226 2201 292 inter
2247 248 2409 311 quae
2454 250 2622 294 unus

266 317 593 402 hostium,
659 315 932 381 Latinae
990 315 1253 400 linguae
1319 316 1560 397 sciens,
1624 319 1769 380 acto
1831 314 1914 379 ad
1959 314 2205 380 vallum
2254 337 2416 400 equo
2465 337 2622 383 voce

270 427 512 492 magna
558 406 868 490 coniuges
908 406 976 469 et
1011 425 1208 490 agros
1247 407 1314 468 et
1350 403 1655 488 stipendii
1701 404 1772 468 in
1807 404 1963 488 dies,
2002 404 2208 469 donec
2252 404 2623 507 bellaretur,

269 493 606 559 sestertios
682 496 1018 575 centenos,
1094 493 1151 557 si
1225 492 1369 575 quis
1447 490 1946 577 transfugisset,
2011 491 2291 558 Arminii
2354 494 2620 559 nomine
2642 511 2714 561 ιο

264 583 635 667 pollicetur.
717 581 1008 647 incendit
1045 602 1121 645 ea
1157 579 1551 646 contumelia
1587 581 1920 665 legionum
1964 580 2125 667 iras3
2169 582 2422 646 veniret
2466 583 2624 663 dies,

266 670 534 736 daretur
578 691 824 773 pugna,
880 672 1292 754 sumpturum
1337 669 1615 734 militem
1661 667 2133 735 Germanorum
2190 691 2411 756 agros,
2455 674 2625 737 trac-

262 763 490 824 turum
557 759 889 845 coniuges:
956 757 1243 842 accipere
1309 780 1501 824 omen
1567 762 1634 823 et
1691 759 2112 825 matrimonia
2172 780 2247 824 ac
2313 759 2620 844 pecunias

263 847 559 914 hostium
613 847 892 931 praedae
951 846 1293 911 destinare.
1399 847 1602 911 tertia
1664 846 1867 911 ferme
1929 847 2157 934 vigilia
2220 847 2619 914 adsultatum

259 942 368 1003 est
406 936 644 1002 castris
684 936 822 1001 sine
859 935 1156 1000 coniectu
1193 935 1328 1020 teli,
1363 938 1711 1019 postquam
1748 936 2008 1001 crebras
2044 958 2164 1019 pro
2202 937 2619 1002 munimentis
2644 954 2709 1004 15

260 1026 572 1091 cohortes
620 1029 686 1089 et
728 1024 891 1089 nihil
929 1024 1271 1088 remissum
1318 1044 1596 1089 sensere.

443 1112 600 1178 Nox
648 1113 869 1178 eadem
922 1112 1165 1177 laetam
1219 1110 1609 1177 Germanico
1657 1112 1941 1198 quietem
1984 1111 2168 1196 tulit,
2216 1112 2502 1196 viditque
2550 1135 2619 1179 se
2645 1117 2729 1180 14

260 1206 611 1286 operatum
675 1208 741 1267 et
804 1202 1119 1305 sanguine
1185 1201 1349 1266 sacri
1422 1221 1717 1284 respersa
1782 1203 2122 1284 praetexta
2188 1201 2619 1285 pulchriorem

266 1291 470 1356 aliam
510 1291 810 1355 manibus
849 1292 1034 1354 aviae
1069 1285 1415 1374 Augustae
1463 1289 1807 1374 accepisse.
1888 1291 2119 1354 auctus
2157 1290 2396 1374 omine,
2435 1289 2617 1356 addi·

262 1379 567 1445 centibus
616 1379 943 1464 auspiciis,
987 1380 1181 1443 vocat
1225 1377 1594 1443 contionem
1632 1381 1699 1442 et
1743 1399 1906 1462 quae
1954 1378 2279 1463 sapientia
2323 1379 2620 1462 praevisa

260 1472 551 1552 aptaque
605 1468 950 1535 inminenti
1003 1487 1265 1552 pugnae
1329 1466 1607 1531 disserit.
1660 1486 1796 1531 non
1851 1487 2116 1551 campos
2171 1467 2367 1532 modo
2422 1468 2620 1534 militi
2638 1485 2671 1534 5

252 1555 567 1621 Romano
615 1556 697 1620 ad
733 1556 1052 1641 proelium
1090 1555 1316 1639 bonos,
1355 1555 1467 1619 sed
1505 1555 1563 1620 si
1597 1554 1770 1621 ratio
1808 1553 1997 1639 adsit,
2043 1556 2243 1621 silvas
2282 1558 2349 1621 et
2384 1556 2617 1642 saltus3

257 1667 383 1711 nec
451 1646 626 1710 enim
690 1645 987 1709 inmensa
1048 1643 1482 1709 barbarorum
1540 1647 1752 1727 scuta,
1817 1643 2101 1708 enormis
2165 1644 2390 1709 hastas
2447 1645 2619 1711 inter

257 1737 532 1799 truncos
582 1734 888 1798 arborum
926 1737 991 1797 et
1037 1737 1228 1797 enata
1272 1732 1477 1798 humo
1503 1732 1793 1818 virgulta
1837 1732 2106 1817 perinde
2150 1732 2378 1797 haberi
2425 1755 2618 1818 quam

254 1822 402 1906 pila
448 1825 516 1886 et
562 1821 821 1907 gladios
867 1827 935 1886 et
978 1821 1319 1886 haerentia
1355 1822 1615 1905 corpori
1650 1820 1959 1906 tegmina.
2042 1821 2385 1887 denserent
2428 1822 2615 1907 ictus,

259 1932 383 1975 ora
416 1910 836 1975 mucronibus
873 1914 1271 1994 quaererent.
1324 1930 1458 1974 non
1494 1909 1766 1974 loricam
1805 1908 2149 1993 Germano,
2176 1931 2312 1974 non
2338 1910 2616 1996 galeam,
2638 1928 2704 1977 ιο

255 2021 341 2064 ne
391 2002 576 2064 scuta
631 1999 888 2083 quidem
944 1998 1115 2063 ferro
1172 2019 1457 2063 nervove
1511 1997 1799 2082 firmata,
1865 1997 1977 2062 sed
2021 1998 2342 2063 viminum
2395 2002 2615 2065 textus

257 2088 366 2151 vel
408 2087 630 2151 tenuis
679 2089 746 2152 et
788 2086 1042 2151 fucatas
1090 2087 1302 2151 colore
1348 2086 1642 2170 tabulas3
1695 2086 1974 2170 primam
2022 2090 2368 2171 utcumque
2416 2088 2620 2152 aciem

258 2174 610 2258 hastatam,
657 2175 887 2240 ceteris
931 2177 1240 2260 praeusta
1277 2177 1391 2239 aut
1436 2175 1662 2239 brevia
1705 2175 1858 2240 tela.
1922 2175 2056 2239 iam
2092 2197 2323 2259 corpus
2361 2179 2437 2240 ut
2471 2176 2616 2242 visu

254 2267 522 2329 torvum
579 2265 645 2329 et
701 2264 781 2329 ad
840 2265 1102 2329 brevem
1161 2263 1477 2348 impetum
1531 2263 1847 2349 validum,
1902 2263 1996 2329 sic
2050 2263 2233 2329 nulla
2278 2265 2615 2331 vulnerum

256 2353 600 2436 patientia.
685 2353 826 2417 sine
871 2353 1117 2438 pudore
1161 2352 1416 2437 flagitii,
1457 2352 1597 2418 sine
1644 2375 1799 2418 cura
1845 2352 2080 2417 ducum
2128 2352 2323 2436 abire,
2370 2353 2614 2456 fugere,
2637 2370 2703 2419 15

257 2441 537 2525 pavidos
587 2441 900 2525 adversis,
947 2442 1120 2506 inter
1167 2442 1449 2506 secunda
1493 2463 1627 2507 non
1673 2440 1908 2524 divini,
1963 2462 2094 2506 non
2138 2441 2410 2506 humani
2455 2442 2616 2508 iuris

332 2673 382 2722 ’1.
433 2672 652 2736 ruptor,
686 2668 834 2721 auch
861 2667 992 2721 hist.
1014 2673 1065 2735 4,
1097 2671 1183 2734 ⁶7,
1210 2667 1387 2722 findet
1566 2672 1618 2720 4.

254 2738 382 2794 sich
419 2740 607 2792 zuerst
640 2737 734 2793 bei
767 2736 978 2793 Livius.
1495 2753 1555 2791 er
1643 2735 1735 2790 die
1815 2734 2077 2791 Chancen

334 2815 420 2864 13.
485 2809 845 2864 matrimonia
898 2809 976 2863 ist
1020 2808 1385 2863 Abstractum
1493 2807 1859 2877 ungfinstige)
1941 2807 2040 2862 des

255 2894 361 2950 pro
429 2881 716 2946 concreto,
777 2896 874 2933 zur
935 2879 1385 2950 Abwechselung
1492 2878 1780 2948 Kampfes.

254 2952 365 3005 mit
380 2952 683 3034 ,conium-3,
730 2950 972 3006 welches
1007 2951 1145 3005 kurz
1181 2949 1385 3007 voi-her
1566 2955 1614 3004 7.
1654 2949 1708 3003 N
1710 2949 1816 3003 ach
1854 2948 2036 3005 Germ.
2076 2955 2109 3004 6
2146 2965 2337 3005 waren
2365 2949 2615 3007 Schwer-

256 3022 398 3077 zwei
434 3020 554 3075 Mal
590 3020 759 3076 steht.
813 3022 1036 3077 Ebenso
1072 3021 1154 3075 im
1189 3020 1383 3076 silber-
1492 3022 1582 3074 ter
1608 3021 1788 3075 selten
1813 3020 1908 3075 bei
1936 3020 2046 3074 den
2073 3020 2404 3076 Germanen.
2463 3020 2615 3077 Aber

251 3109 368 3148 nen
424 3091 625 3147 Latein
688 3091 804 3146 und
860 3092 1150 3147 vielleicht
1212 3092 1388 3147 schon
1495 3093 1575 3145 im
1603 3090 2004 3159 Widerspruch
2039 3090 2146 3146 mit
2178 3108 2408 3146 unserer
2437 3092 2613 3148 Stelle

1495 3160 1671 3216 heisst
1714 3180 1773 3217 es
1820 3163 1975 3229 dett,
2021 3160 2145 3217 dass
2196 3161 2278 3216 sie
2326 3164 2470 3218 statt
2515 3164 2615 3219 der

261 3161 380 3217 Liv.
426 3167 512 3230 ιο,
550 3167 637 3232 23,
676 3168 723 3218 6.

1493 3230 1704 3302 langen
1721 3233 1903 3288 Lanze
1925 3231 2137 3287 leichte
2154 3231 2367 3302 Spiesse
2393 3234 2614 3289 ffihren.

1673 2666 1951 2735 praevisa.
2016 2664 2479 2734 Vorausgesehen
2515 2669 2620 2723 hat

2153 2737 2440 2807 (guastige
2500 2738 2616 2793 und

2129 2806 2616 2865 bevorstehenden

334 3239 421 3289 15.
451 3249 564 3302 pro
610 3249 817 3300 „vorne
855 3234 1013 3302 auf“,
1061 3232 1169 3288 wie
1208 3251 1292 3303 cp.
1332 3239 1384 3288 9.

258 3309 346 3359 81.
389 3310 476 3372 12,
516 3309 585 3358 33
623 3304 738 3357 und
775 3303 937 3358 oster.

330 3373 431 3429 14.
481 3380 531 3429 2.
581 3379 864 3442 operatum
913 3374 990 3429 ist
1025 3374 1384 3429 aoristisches

255 3443 552 3514 Partizip,
556 3444 862 3513 ,fflopfemd
881 3444 943 3499 in
962 3444 1063 3499 der
1083 3463 1109 3499 s
1151 3444 1384 3501 eziellen

254 3484 595 3585 Bedeututig
628 3532 741 3570 von
787 3485 970 3585 ῥέζειν
1014 3517 1093 3569 u]
1179 3513 1240 3587 ἔρ
1244 3517 1384 3575 (lew.

259 3584 334 3641 So
374 3590 565 3641 zuerst
598 3585 694 3641 bei
721 3585 1011 3656 Dichtern,
1051 3587 1204 3641 dann
1209 3537 1384 3643 G'auch

255 3657 351 3712 bei
370 3655 583 3711 Livius.
619 3657 683 3710 In
710 3656 977 3712 anderem
1006 3658 1175 3712 Sinne
1206 3658 1262 3726 (,‚
1265 3658 1386 3713 sich

256 3726 580 3797 beschastig
583 3727 706 3782 end‘
712 3728 749 3798 ι)
779 3728 932 3783 steht
956 3745 1015 3783 es
1036 3735 1088 3799 3,
1103 3734 1174 3783 34
1201 3729 1385 3785 subole

258 3745 583 3853 libem-aliha}
617 3799 819 3853 studiis
845 3800 928 3853 ibi
955 3805 1196 3867 operata.
1253 3799 1381 3855 hist.

259 3874 310 3937 5,
330 3874 402 3923 20
421 3869 648 3924 militem
675 3870 965 3924 caedendis
990 3871 1235 3926 materiis
1261 3886 1382 3940 ope·

256 3945 464 3996 ratum.

228 4035 235 4044 ·
328 4017 381 4067 3.
448 4010 644 4079 auyeri
686 4024 800 4064 von
842 4009 1122 4065 Personen
1169 4012 1386 4081 gesagt,

257 4079 594 4136 bezeichnet
670 4080 761 4135 bei
822 4080 1051 4135 Tacitus
1118 4083 1387 4137 zuweilen

258 4152 353 4207 dic
391 4150 554 4221 Steig
491 4168 732 4233 igerung
768 4151 867 4207 des
905 4152 1107 4223 Mutes,
1146 4152 1244 4207 des
1272 4153 1383 4206 An-

258 4222 482 4291 sehens,
522 4222 622 4277 der
662 4221 992 4278 Slcherheit.

1493 3309 1557 3357 ut
1604 3305 1783 3359 codem
1830 3305 1960 3370 telo,
2001 3309 2177 3373 prout
2221 3305 2368 3359 ratio
2413 3306 2612 3375 poscit,

1491 3375 1575 3430 vel
1626 3376 1927 3430 comminus
1971 3376 2055 3430 vel
2101 3376 2315 3429 eminus
2342 3381 2609 3446 pugnum.

1491 3445 1648 3499 Dazu
1710 3444 1861 3515 passt
1923 3448 2038 3501 erst
2106 3446 2186 3499 im
2249 3444 2612 3516 Folgenden.

1495 3516 1683 3571 brevia
1717 3516 1840 3571 tela.

1566 3592 1616 3642 9.
1690 3587 1911 3641 densere
1946 3603 2052 3640 nur
2087 3586 2209 3641 hier
2244 3585 2337 3640 bei
2366 3586 2614 3655 Tacitus,

1494 3655 1810 3711 ausserdem
1838 3656 1931 3711 bei
1957 3656 2306 3711 klassischen
2324 3655 2615 3726 Dichterm

1494 3726 1708 3781 Sallust
1742 3727 1857 3780 und
1893 3727 2022 3781 dem
2061 3728 2277 3782 alteren
2312 3676 2615 3784 Pliniusfn’

1569 3803 1651 3852 12.
1734 3803 2022 3867 utcumque
2076 3821 2145 3844 ι-
2193 3797 2616 3880 qualiscumque

1493 3869 1663 3936 esset,
1719 3869 1838 3922 also
1894 3866 2230 3935 adverbioll,
2278 3868 2385 3923 wie
2434 3871 2618 3924 zuerst

1495 3939 1589 3994 bei
1646 3910 1792 3994 'Ovid
1846 3939 1963 3993 und
2016 3936 2138 3994 Liv.
2193 3909 2289 4006 2²9,
2343 3942 2410 3992 15
2474 3957 2614 4008 quae

1495 4011 1683 4065 dubiis
1726 4011 1791 4065 in
1844 4011 2006 4065 rebus
2049 4014 2339 4078 utcumque
2382 4011 2613 4066 tolerata

1494 4087 1680 4137 essent.
1758 4081 1831 4136 So
1870 4080 2016 4137 oster
2051 4080 2144 4135 bei
2181 4079 2431 4148 Tacitus,
2467 4081 2612 4136 auch

1494 4152 1590 4208 bei
1627 4150 1957 4217 Quintilian.

1570 4229 1653 4278 16.
1729 4226 1997 4291 adversi-9,
2055 4222 2147 4277 ein
2192 4221 2614 4278 unklassischer
