2867 4625
330 88 461 154 154

981 84 1329 141 CORNELII
1363 84 1613 140 TACITI
1647 84 2042 140 ANNALIUM

323 253 539 318 118888
583 253 656 317 18
697 249 965 315 1811111118
1010 248 1343 332 habemus,
1388 247 1628 331 quibus
1673 247 1914 313 diversi
1956 248 2141 332 ritus,
2185 251 2454 312 externa
2498 271 2672 314 88818

325 344 442 406 aut
482 340 667 405 nulla
713 341 885 422 sunt,
929 337 1300 403 conluviem
1343 337 1542 402 istam
1585 359 1721 402 non
1764 337 1899 402 nisi
1941 341 2124 401 metu
2165 338 2548 402 coercueris.
2615 341 2676 402 at

220 446 287 495 15
326 429 591 513 quidam
644 428 945 493 insontes
997 426 1320 511 peribunt.
1408 447 1566 490 nam
1619 430 1687 491 et
1736 447 1816 490 ex
1860 426 2008 491 fuso
2053 426 2344 491 exercitu
2390 447 2540 491 cum
2583 427 2675 490 de-

326 540 552 584 cumus
608 518 879 602 quisque
931 515 1096 580 fusti
1148 514 1406 598 feritur,
1461 515 1659 579 etiam
1714 514 1967 580 strenui
2018 515 2399 581 sortiuntur.
2487 514 2676 580 habet

325 606 574 691 aliquid
621 628 700 671 ex
744 606 968 689 iniquo
1017 625 1210 669 omne
1255 623 1570 688 18838818
1613 603 2008 688 exemplum,
2063 602 2238 688 quod
2283 607 2515 669 contra
2561 605 2676 669 sin-

324 696 513 781 gulos
559 695 844 761 utilitate
889 693 1154 777 publica
1197 692 1617 775 rependitur?
1679 738 1686 743 -

217 784 306 850 45
504 782 881 849 Sententiae
926 780 1136 847 Cassii
1180 785 1256 846 ut
1297 803 1491 846 nemo
1537 803 1704 845 8888
1749 783 1982 846 888118
2023 779 2120 844 118
2164 801 2362 845 88888
2409 784 2540 865 881,
2592 780 2676 846 ita

324 873 626 938 dissonae
672 893 864 937 18888
900 870 1383 955 respondebant
1425 891 1770 935 numerum
1814 872 1929 934 aut
1971 872 2256 933 aetatem
2302 875 2421 935 aut
2467 891 2676 934 sexum

324 983 399 1027 ac
444 961 872 1045 plurimorum
915 959 1254 1024 indubiam
1299 958 1742 1024 innocentiam
1787 958 2266 1023 miserantium:
2322 958 2678 1042 praevaluit

323 1056 546 1115 tamen
588 1070 741 1133 pars
789 1070 955 1133 quae
1002 1048 1394 1133 supplicium
1440 1047 1848 1113 decernebat.
1919 1047 2035 1111 sed
2079 1047 2526 1131 obtemperari
2557 1068 2678 1112 non

252 1154 284 1205 5
370 1142 601 1222 oterat,
647 1138 1040 1223 conglobata
1084 1136 1504 1202 multitudine
1549 1139 1617 1200 et
1651 1158 1809 1201 saxa
1844 1157 1920 1200 ac
1955 1135 2132 1200 faces
2168 1135 2486 1202 minante.
2549 1140 2676 1201 tum

379 1248 567 1292 aesar
620 1226 934 1311 populum
988 1223 1200 1290 edicto
1257 1225 1585 1309 increpuit
1638 1229 1832 1309 atque
1888 1245 2078 1289 omne
2123 1225 2281 1308 iter,
2340 1246 2473 1310 quo
2520 1224 2678 1290 dam·

320 1316 463 1380 nati
500 1315 582 1379 ad
618 1336 898 1400 poenam
937 1314 1359 1398 ducebantur,
1404 1314 1795 1379 militaribus
1832 1312 2174 1398 praesidiis
2214 1313 2482 1398 saepsit.
2545 1335 2676 1379 cen·

322 1407 544 1469 suerat
581 1403 939 1488 Cingonius
977 1402 1190 1468 Varro
1239 1407 1315 1467 ut
1351 1403 1575 1468 liberti
1611 1424 1886 1488 quoque,
1930 1403 2043 1487 qui
2079 1403 2204 1467 sub
2243 1401 2479 1467 eodem
2513 1406 2675 1468 tecto

319 1492 624 1577 fuissent,
687 1491 882 1557 Italia
943 1491 1454 1576 deportarentur.
1543 1492 1612 1556 id
1668 1514 1709 1555 a
1761 1492 2054 1575 principe
2107 1490 2520 1576 prohibitum
2574 1496 2676 1573 est,

217 1599 286 1647 10
320 1602 405 1645 ne
450 1602 592 1645 mos
640 1581 975 1666 antiquus,
1024 1602 1216 1664 quem
1260 1580 1707 1646 misericordia
1751 1601 1885 1645 non
1929 1580 2278 1663 minuerat,
2323 1601 2444 1664 per
2491 1580 2677 1645 88811-

323 1669 486 1733 11881
530 1668 993 1734 intenderetur.

215 1759 304 1823 46
501 1757 867 1823 Damnatus
930 1758 1140 1822 isdem
1204 1757 1580 1823 consulibus
1636 1755 2009 1840 Tarquitius
2066 1756 2330 1821 Priscus
2390 1761 2674 1840 repetun-

324 1846 552 1910 darum
608 1845 916 1929 Bithynis
977 1846 1567 1931 interrogantibus,
1630 1866 1873 1930 magno
1928 1849 2191 1930 patrum
2245 1845 2520 1930 gaudi0,
2579 1845 2676 1946 qui

325 1938 701 2000 accusatum
758 1935 841 1999 ab
894 1956 970 2000 eo
1019 1933 1353 2000 Statilium
1397 1934 1686 2000 Taurum
1729 1956 1850 2017 pro
1897 1934 2162 1998 consule
2206 1934 2419 2018 ipsius
2467 1935 2677 1998 memi-

323 2027 576 2089 nerant.
668 2044 898 2091 census
953 2044 1072 2108 per
1127 2022 1376 2088 Gallias
1435 2046 1476 2088 a
1532 2022 1606 2099 Q.
1652 2021 1924 2088 Volusio
1982 2026 2049 2087 et
2103 2019 2327 2088 Sextio
2372 2022 2672 2088 Africano

253 2129 286 2177 5
325 2111 775 2197 Trebellioque
820 2111 1106 2177 Maximo
1159 2111 1291 2177 acti
1339 2115 1520 2195 sunt,
1575 2111 1844 2176 aemulis
1891 2111 2067 2176 inter
2112 2133 2181 2176 88
2225 2133 2344 2195 per
2388 2112 2674 2176 nobilita·

322 2204 456 2265 tem
493 2200 769 2266 Volusio
818 2205 1012 2286 atque
1052 2200 1393 2284 African03
1439 2200 1833 2265 Trebellium
1882 2200 2036 2265 dum
2071 2204 2345 2284 uterque
2382 2201 2671 2284 dedigna-

322 2293 455 2374 tur,
503 2312 701 2374 supra
745 2289 970 2356 tulere.

396 2558 480 2609 15.
542 2570 674 2608 nam
738 2553 886 2624 folgt

323 2628 385 2678 at
409 2624 827 2694 angedeuteten
853 2625 1154 2694 fingierten
1179 2623 1450 2679 Einwurf.

321 2693 500 2749 Dabei
527 2694 618 2749 die
640 2693 883 2766 Ellipse:
914 2694 1270 2764 „allerdings,
1302 2695 1451 2750 dsnn

322 2766 505 2820 auch“
533 2768 632 2821 ott.
674 2765 746 2820 So
776 2766 929 2821 steht
944 2783 1076 2821 nam
1096 2767 1243 2819 auch
1262 2766 1448 2821 Germ.

325 2841 410 2905 14,
437 2853 671 2906 namque
700 2853 828 2891 ann.
865 2843 1163 2904 14,11.-
1193 2837 1451 2892 decumus

320 2907 549 2977 quisque
575 2907 826 2963 811.Ε18
853 2879 1100 2990 Beispiel
1127 2924 1240 2962 188
1267 2908 1451 2975 dieser

322 2978 427 3032 Art
462 2979 562 3033 der
587 2977 967 3048 Hinrichtung
1002 2979 1144 3033 wird
1181 2984 1233 3047 3,
1262 2966 1328 3033 21
1362 2995 1449 3033 81-

320 3048 494 3175 ¹zrahlbilz²
551 3049 644 3104 818
681 3049 902 3105 kommt
939 3051 1168 3104 zuerst
1152 3068 1232 3104 181
1260 3051 1312 3104 J.
1341 3055 1445 3106 471

320 3138 375 3174 1.
498 3138 543 3176 1.
580 3136 696 3175 181.

396 3195 479 3245 18.
495 3190 816 3259 rependitur
831 3188 1007 3274 „vird
1023 3188 1445 3260 aufgewogen“.

392 3328 491 3386 45.
551 3336 601 3385 1.
646 3346 800 3385 nemo
846 3347 995 3386 wnus
1029 3349 1136 3386 nur
1169 3331 1294 3386 hier
1329 3332 1447 3387 und

321 3401 452 3456 hist.
486 3407 534 3468 1,
568 3404 638 3455 82
675 3403 811 3470 quia
844 3402 1112 3458 neminem
1146 3420 1322 3459 unum
1357 3405 1447 3459 de·

319 3473 529 3527 stinare
583 3472 703 3527 irae
796 3478 1027 3529 oterant.
1113 3473 1447 3529 Ausserdem

321 3543 496 3599 881188
551 3542 645 3597 bei
805 3544 1021 3600 ssikern
1076 3544 1193 3600 und
1236 3545 1445 3616 Livius,

321 3617 458 3669 aber
495 3614 693 3668 selten.

393 3691 443 3739 3.
499 3686 792 3752 indubius,
848 3686 942 3742 bei
996 3686 1129 3742 Tac.
1183 3705 1282 3741 απ.
1340 3686 1443 3756 elo.

320 3756 498 3811 findet
550 3755 669 3810 sich
722 3774 827 3811 nur
880 3757 1029 3812 noch
1088 3758 1297 3813 einmal
1350 3708 1446 3812 bei

323 3826 650 3893 Quintilian.

394 3904 443 3953 8.
483 3895 803 3967 Cingonius,
842 3899 919 3953 im
948 3899 998 3956 J.
1029 3905 1098 3954 68
1136 3898 1445 3969 1188138181·-

320 3969 408 4023 181·
443 3967 672 4038 Κ888111,
708 3969 852 4024 wird
890 3986 1087 4040 wegen
1116 3970 1444 4024 Teilnahme

321 4054 395 4092 an
439 4038 568 4093 dem
613 4039 1032 4121 18118188388811
1064 4040 1245 4109 Empo
1422 4072 1446 4083 -

320 4110 590 4163 versuche
637 4111 735 4165 des
784 4111 931 4165 Nm
974 4109 1161 4165 hidius
1203 4110 1445 4166 Sabinus

322 4176 424 4231 auf
453 4178 654 4233 Befehl
691 4180 788 4235 des
826 4129 1010 4236 galga
1044 4178 1441 4249 hingerichtet.

322 4245 452 4315 Vgl.
489 4248 621 4303 hist.
664 4257 709 4320 1,
749 4257 798 4320 6,
836 4256 922 4305 37.

948 2553 1050 2607 881
1104 2552 1215 2608 den
1271 2553 1452 2607 durch
1471 2561 1474 2564 '

1630 2559 1681 2607 9.
1722 2551 1923 2607 Italia.
1980 2538 2130 2606 ’Uber
2166 2552 2277 2607 den
2314 2551 2537 2608 blofsen
2567 2552 2667 2607 Ab·

1558 2624 1701 2679 lativ
1739 2641 1783 2678 s.
1821 2622 1966 2677 Einl.
2004 2628 2049 2689 §-
2089 2628 2177 2681 34.

1629 2764 1727 2821 46.
1788 2771 1836 2820 1.
1888 2764 2213 2834 Tarquitius
2256 2782 2377 2819 war
2412 2765 2493 2821 im
2528 2768 2576 2822 J.
2610 2771 2667 2820 53

1558 2854 1663 2891 888
1715 2836 1845 2891 dem
1883 2835 2058 2890 Senat
2102 2835 2419 2918 gestossen,
2464 2837 2590 2892 weil
2619 2853 2670 2890 81

1557 2908 1668 2962 den
1711 2924 1825 2962 von
1871 2908 1972 2961 der
2006 2906 2327 2988 Agrippina
2370 2909 2670 2978 vcrfolgten

1559 2978 1819 3034 Statilius
1866 2978 2045 3032 durch
2091 2977 2216 3032 8188
2253 2978 2518 3048 Anklage
2561 2996 2670 3033 zum

1558 3048 1940 3104 Selbstmorde
1966 3048 2259 3118 getrieben
2285 3049 2467 3105 hatte.
2515 3050 2567 3105 S.
2596 3055 2668 3117 12,

1557 3126 1643 3174 59
1701 3120 1779 3173 Ε1
1814 3119 1963 3173 111818
1998 3119 2343 3175 inzwischen
2376 3120 2670 3191 begnadigt

1555 3190 1673 3245 und
1708 3189 2021 3246 Prokonsul
2065 3207 2180 3246 von
2209 3190 2528 3273 l3ithynien
2570 3191 2671 3247 und

1554 3260 1769 3317 Pontus
1806 3261 2108 3331 geworden
2144 3262 2279 3317 sein.

1553 3330 1679 3387 4.
1736 3349 1929 3387 census
1975 3349 2132 3402 aqere
2175 3329 2350 3388 heifst
2395 3333 2498 3388 das
2542 3333 2663 3389 Ver·

1553 3409 1763 3472 mogen
1799 3393 2157 3469 8588851888,
2193 3421 2292 3457 818
2329 3404 2552 3459 danach
2583 3403 2665 3457 die

1555 3474 1816 3529 direkten
1836 3474 2110 3544 Abgaben
2138 3492 2208 3527 zu
2234 3474 2585 3530 bestimmen.
2601 3503 2661 3515 -

1555 3544 1619 3611 Q.
1663 3544 1929 3600 Volusius
1976 3561 2093 3599 war
2136 3545 2219 3598 im
2260 3544 2312 3599 J.
2353 3550 2423 3600 56
2468 3543 2663 3601 Konsul

1551 3633 1927 3685 38118888.-
1957 3602 2108 3670 Uber
2136 3614 2359 3671 Sextius
2388 3617 2662 3672 Africanus

1552 3705 1595 3744 8.
1634 3705 1703 3741 zu
1741 3693 1951 3755 13,19.

1625 3764 1675 3812 5.
1715 3757 2031 3813 Trebellius
2067 3773 2184 3812 war
2219 3775 2347 3812 8188
2383 3758 2436 3813 J.
2469 3764 2536 3813 56
2568 3755 2662 3811 8111

1556 3829 1769 3885 Seneca
1804 3828 2019 3884 Konsul
2065 3828 2181 3882 und
2224 3828 2363 3883 kam
2407 3828 2485 3883 im
2517 3828 2565 3883 J.
2600 3831 2660 3881 64

1555 3900 1640 3954 als
1676 3899 2043 3955 kaiserlicher
2068 3898 2249 3968 Legat
2282 3900 2434 3955 nach
2460 3900 2659 3954 Britan-

1552 3969 1714 4041 nien,
1751 3988 1839 4025 wo
1876 3987 1937 4025 er
1974 3969 2097 4024 sich
2131 3970 2250 4040 feig
2284 3971 2538 4026 benahm.

1627 4047 1680 4098 6.
1718 4042 2030 4110 dediynari,
2067 4060 2108 4096 8.
2148 4058 2216 4095 zu
2255 4048 2342 4110 12,
2378 4048 2465 4097 37.

1627 4118 1678 4166 7.
1742 4128 1917 4181 supra
1979 4113 2149 4167 tulere
2202 4115 2345 4168 statt
2396 4130 2567 4182 supra
2610 4124 2659 4164 88

1553 4184 1791 4238 extulere
1826 4183 1964 4239 (1.11.
2002 4182 2126 4238 ihre
2203 4185 2546 4254 eenseitigc
2570 4179 2655 4236 Ri-

1554 4253 1761 4309 valitat
1810 4254 2110 4322 bewirkte,
2264 4251 2656 4319 sTrebelliun,
