2867 4625
934 100 1155 158 LIBER
1190 96 1337 157 XIV.
1403 100 1560 157 OAP.
1601 106 1827 158 18-21.

2431 100 2557 168 137

191 266 267 332 et
316 285 556 332 scaena
599 265 671 330 in
713 269 974 350 tempus
1022 270 1270 331 structa
1305 266 1495 333 ludos
1534 266 1639 331 edi
1675 266 1923 351 solitoS,
1966 268 2071 332 vel
2108 266 2167 332 si
2204 267 2562 334 vetustiora

190 359 478 440 repetas,
523 358 805 420 stantem
842 356 1157 458 populum
1194 355 1607 439 spectavisse,
1648 376 1751 441 ne,
1789 356 1846 421 si
1883 318 2249 422 consideret
2282 356 2563 441 theatrO,

190 445 336 511 dies
398 447 578 510 totos
640 444 910 529 ignavia
975 445 1405 510 continuaret.
1506 446 2025 529 spectaculorum
2080 444 2339 530 quidem
2395 446 2563 511 anti-

191 535 416 619 quitas
474 539 868 619 servaretur,
932 534 1231 619 quotiens
1286 536 1623 619 praetores
1680 533 1970 619 ederent,
2025 535 2209 599 nulla
2262 534 2564 618 cuiquam

191 623 439 689 civium
482 623 867 688 necessitate
914 623 1222 690 certandi.
1304 626 1591 688 ceterum
1638 622 1919 689 abolitos
1960 623 2278 709 paulatim
2315 623 2564 707 patrios
2602 639 2671 689 10

189 710 419 777 mores
462 711 757 778 funditus
803 714 1003 779 everti
1049 733 1166 798 per
1212 711 1491 778 accitam
1534 712 1897 796 lasciviam,
1950 714 2027 777 ut
2071 712 2245 797 quod
2288 733 2566 797 usquam

192 802 531 886 corrumpi
585 806 653 867 et
709 824 1118 887 corrumpere
1165 805 1388 886 queat,
1444 801 1515 866 in
1557 802 1716 866 urbe
1761 801 2038 885 visatur,
2093 801 2565 888 degeneretque

193 889 440 955 studiis
488 891 772 956 externis
816 892 1144 976 iuventus,
1198 890 1547 976 gymnasia
1601 893 1668 954 et
1721 889 1858 955 otia
1914 893 1982 954 et
2032 892 2257 975 turpes
2310 911 2564 956 amores

194 978 577 1063 exercendo,
621 980 910 1065 principe
959 983 1025 1045 et
1069 982 1301 1045 senatu
1347 979 1741 1061 auctoribus,
1787 979 1900 1064 qui
1943 1001 2080 1045 non
2125 978 2318 1045 modo
2365 980 2563 1045 licen-

191 1068 364 1133 tiam
418 1069 595 1133 vitiis
649 1069 1088 1153 permiserint,
1154 1068 1266 1134 sed
1321 1069 1456 1133 vim
1516 1068 1891 1152 adhibeant,
1957 1073 2031 1133 ut
2081 1090 2380 1153 proceres
2435 1068 2563 1135 Ro-
2605 1084 2671 1133 15

193 1157 384 1221 mani
441 1157 653 1241 specie
709 1158 1080 1224 orationum
1130 1161 1197 1221 et
1241 1157 1603 1223 carminum
1650 1178 1884 1221 scaena
1929 1157 2321 1241 polluantur.
2411 1158 2565 1242 quid

198 1267 565 1330 superesse,
609 1247 737 1311 nisi
780 1250 856 1333 ut
901 1267 1174 1330 corpora
1220 1266 1475 1330 quoque
1519 1245 1771 1310 nudent
1815 1249 1883 1310 et
1926 1249 2180 1311 caestus
2225 1246 2569 1311 adsumant

196 1356 442 1419 easque
488 1354 746 1436 pugnas
791 1355 911 1417 pro
958 1334 1200 1398 militia
1242 1337 1310 1398 εὴ
1355 1333 1555 1397 armis
1601 1333 2042 1399 meditentur?
2127 1356 2211 1400 an
2251 1335 2567 1400 iustitiam

198 1422 517 1487 auctum
497 1423 580 1487 iri
609 1426 675 1486 et
701 1421 993 1488 decurias
1022 1422 1314 1507 equitum
1347 1423 1683 1507 egregium
1719 1422 2045 1488 iudicandi
2082 1445 2318 1488 munus
2357 1422 2568 1506 exple-

195 1515 412 1594 turas,
465 1510 522 1575 si
565 1511 809 1576 fractos
855 1532 1051 1577 sonos
1097 1514 1163 1576 et
1208 1510 1615 1576 dulcedinem
1660 1532 1893 1577 vocum
1937 1512 2143 1596 perite
2192 1512 2567 1577 audissent?
2606 1529 2675 1578 20

196 1602 432 1664 noctes
480 1620 735 1685 quoque
780 1599 1078 1665 dedecori
1133 1599 1447 1682 adiectas,
1502 1620 1585 1664 ne
1643 1601 1816 1684 quod
1869 1603 2130 1685 tempus
2183 1600 2419 1685 pudori
2471 1622 2570 1666 re-

197 1688 564 1773 linquatur,
605 1687 724 1776 ·sed
769 1691 958 1754 coetu
1001 1688 1348 1773 promisco,
1394 1688 1569 1772 quod
1614 1688 2094 1772 perditissimus
2141 1690 2413 1775 quisque
2453 1711 2571 1774 per

201 1777 378 1842 diem
427 1776 895 1861 concupiverit,
938 1799 1054 1860 per
1099 1778 1401 1842 tenebras
1447 1776 1699 1842 audeat.

387 1864 695 1930 Pluribus
742 1866 888 1950 ipsa
930 1866 1194 1932 licentia
1236 1866 1558 1950 placebat,
1603 1887 1676 1931 ac
1723 1870 1945 1931 tamen
1988 1867 2269 1933 honesta
2305 1868 2575 1933 nomina
2590 1869 2675 1933 21

198 1954 736 2038 praetendebant.
817 1954 1094 2021 maiores
1141 1976 1395 2040 quoque
1430 1975 1567 2018 non
1603 1954 2017 2020 abhorruisse
2056 1957 2574 2040 spectaculorum

279 2152 331 2203 6.
390 2147 688 2202 vetustiora
741 2146 818 2202 ist
871 2149 1022 2202 etwa
1076 2146 1168 2202 die
1216 2147 1340 2202 Zeit

201 2234 310 2273 vor
349 2216 482 2272 dem
517 2214 569 2275 J.
599 2223 721 2274 146.

282 2312 330 2363 ’1.
407 2292 560 2361 Uber
632 2306 742 2361 den
815 2306 1045 2362 lokalen
1108 2305 1340 2363 Ablativ

205 2379 424 2433 theatro
462 2394 503 2432 s.
540 2377 687 2433 Einl.
725 2384 773 2444 §-
804 2382 890 2433 35.

281 2469 333 2520 8.
384 2467 749 2536 antiquitas,
754 2467 871 2552 ‚der
906 2467 1025 2522 alte
1061 2468 1337 2523 Brauch‘fi

205 2538 277 2591 Ιιι
313 2535 529 2590 diesem
568 2537 737 2592 Sinne
774 2531 871 2594 ἅπ.
910 2536 1011 2608 εἰρ.
1053 2569 1121 2579 -
1160 2539 1339 2594 Unter

204 2608 503 2677 Augustus
569 2607 844 2662 erhielten
900 2559 995 2664 die
1046 2608 1338 2679 Pratoren,

208 2678 386 2733 deren
414 2677 750 2748 Bedeutung
786 2679 964 2733 durch
1002 2681 1101 2735 das
1127 2680 1339 2735 Princi-

206 2750 315 2818 pat
371 2748 502 2803 sehr
556 2748 793 2818 gelitten
848 2750 1038 2816 hatte,
1094 2749 1186 2805 die
1232 2751 1338 2806 Be—

211 2835 467 2889 sorgung
502 2817 602 2872 der
640 2821 795 2874 sonst
822 2835 935 2874 von
963 2821 1075 2875 den
1102 2818 1342 2876 Aedilen

207 2889 662 2945 veranstalteten
700 2889 776 2959 Sp
778 2888 915 2958 iele,
962 2890 1128 2946 anfan
1174 2909 1199 2945 s
1235 2892 1343 2945 mit

210 2959 565 3016 Subvention
599 2976 730 3014 vom
738 2908 988 3027 pStaa’te,
1035 2961 1132 3015 bal
1207 2962 1344 3017 aber

212 3031 364 3088 ohne
400 3030 666 3085 dieselbe.
730 3031 863 3086 Dies
901 3049 1019 3087 war
1049 3032 1193 3102 jetzt
1218 3032 1341 3087 ihre

209 3101 538 3171 wichtigste
574 3101 852 3172 Aufgabe.

288 3196 376 3245 14.
414 3190 531 3244 Aus
557 3191 851 3245 exercendo
877 3189 955 3244 ist
978 3207 1081 3260 per
1106 3207 1345 3261 zeugma

212 3261 603 3332 myymnasia
629 3279 700 3314 zu
729 3261 1092 3317 entnehmen.
1121 3264 1344 3318 colendo

217 3333 357 3389 oder
391 3332 806 3400 frequentando.
918 3355 923 3359 ·

291 3426 376 3475 1⁷.
423 3420 541 3475 uisi
573 3425 639 3474 ut
673 3436 906 3488 corpora
943 3423 1044 3476 ctt.
1109 3421 1198 3475 An
1234 3391 1343 3476 den

352 3490 591 3546 nischen
649 3489 1082 3574 Wettkampfen
1144 3492 1341 3547 hatten

388 3561 480 3616 die
518 3560 754 3617 Nobiles
794 3561 986 3617 bisher
1021 3562 1182 3618 nicht
1214 3563 1344 3618 teil·

221 3648 576 3704 genommen.

294 3708 379 3759 18.
425 3704 633 3758 militia
677 3708 728 3758 et
775 3705 948 3758 armis
991 3703 1068 3758 ist
1103 3703 1346 3759 Hendia-

218 3775 342 3845 dys,
376 3773 486 3829 wie
513 3772 621 3844 ΚΡ.
650 3780 684 3828 2
711 3776 922 3842 ferrum
949 3780 1000 3830 ct
1026 3776 1226 3829 caedes.
1278 3781 1346 3829 33

222 3848 353 3914 fletu
415 3850 466 3900 et
529 3846 789 3902 lacrimis.
886 3853 980 3916 16,
1026 3851 1096 3901 26
1150 3861 1350 3900 manus

221 3919 468 4001 ictusque
504 3916 720 3973 audere.
795 3923 847 3985 4,
886 3922 955 3971 58
964 3888 1266 3987 proelium
1302 3922 1353 3971 et

297 4065 380 4114 19.
429 4058 534 4113 Die
573 4059 830 4114 decuriae
865 4058 989 4114 sind
1025 4058 1117 4113 die
1154 4055 1350 4113 Abtei-

224 4130 434 4201 langen
478 4130 581 4185 der
634 4146 734 4184 aus
789 4129 921 4185 dem
964 4129 1350 4184 Ritterstande

226 4217 635 4283 genommenen
719 4200 966 4256 Richter.
1079 4199 1352 4281 Dagegen

227 4272 368 4326 wird
396 4271 504 4327 mit
531 4274 810 4328 centwine
833 4271 957 4327 ihre
981 4270 1348 4326 militarische

1450 2145 1850 2216 organisation
1894 2146 2242 2203 bezeichnet.
2291 2178 2359 2188 —
2398 2149 2573 2216 exple·

1446 2222 1621 2274 tuo-as.
1686 2217 1793 2272 Die
1828 2217 2218 2273 handschriftl.
2250 2219 2451 2274 Lesart
2483 2235 2574 2273 ex-

1441 2289 1687 2358 pleturos
1751 2293 1900 2345 ware
1963 2288 2057 2344 ein
2129 2286 2573 2370 unertragliches

1447 2359 1910 2430 grammatisches
1948 2356 2044 2415 ἅπ.
2088 2360 2216 2430 elo„
2262 2360 2412 2416 deun
2449 2359 2574 2415 eine

1447 2431 1637 2486 solche
1690 2429 2081 2502 Abweichung
2142 2432 2204 2486 in
2269 2433 2371 2486 der
2424 2431 2573 2487 Kon-

1446 2518 1656 2571 gruenz
1701 2502 1800 2557 des
1837 2502 2025 2557 Genus
2068 2502 2248 2558 findet
2293 2521 2401 2557 nur
2436 2504 2578 2557 statt

1444 2572 1541 2626 bei
1576 2574 1736 2627 milia
1762 2573 1899 2627 oder
1926 2589 2087 2628 wenn
2115 2573 2208 2627 die
2235 2572 2576 2642 ungleichen

1449 2642 1670 2698 Genera
1738 2642 1799 2697 in
1869 2643 2306 2698 verschiedenen
2371 2643 2577 2697 Sittzen

1448 2713 1616 2780 (auch
1668 2713 2213 2782 Participialsatzen)
2278 2713 2414 2768 oder
2465 2728 2576 2768 we-

1446 2782 1702 2852 nigstens
1774 2784 1910 2838 weit
1971 2800 2082 2838 von
2148 2784 2415 2838 einander
2480 2798 2577 2853 ge-

1447 2854 1643 2908 trennt
1678 2855 1895 2908 stehen.

1523 2964 1608 3014 20.
1637 2959 1890 3028 fractos,
1893 2956 2196 3028 ,weibisch,
2223 2958 2574 3015 weichlich‘fl

1452 3029 1614 3084 Auch
1658 3002 1890 3095 Quintil.
1931 3036 2121 3100 1,10,
2162 3002 2228 3085 31
2274 3032 2448 3085 nennt
2484 3030 2577 3085 die

1453 3099 1736 3171 damalige
1755 3099 1945 3155 Musik
1973 3103 2287 3170 effeminata
2316 3106 2367 3157 et
2393 3103 2577 3171 impu-

1452 3173 1593 3227 dicis
1628 3173 1803 3227 modis
1837 3173 2039 3240 fracta.

1523 3313 1718 3370 21.1.
1761 3315 2041 3380 uomina,
2044 3312 2433 3383 MVorwandffl
2472 3313 2580 3369 wie

1453 3390 1512 3453 2,
1552 3390 1620 3439 33
1657 3386 1758 3440 sub
1796 3385 2110 3440 nominibus
2145 3386 2397 3441 honestis.

1525 3497 1574 3547 2.
1623 3507 1832 3560 quoque
1885 3506 2000 3545 non
2055 3490 2207 3544 steht
2261 3491 2420 3546 sonst
2474 3491 2582 3546 mit

1454 3560 1757 3631 grosserem
1800 3561 1854 3614 N
1857 3559 2142 3616 achdruck
2187 3560 2281 3616 bei
2320 3561 2578 3618 Tacitus.

1454 3639 1515 3700 3,
1552 3637 1623 3686 54
1667 3649 1749 3686 me
1792 3634 2580 3701 quoqucnonesspoffensio-

1452 3720 1588 3757 uum
1624 3704 1863 3759 avidum.
1924 3703 2057 3758 hist.
2096 3709 2146 3770 3,
2178 3709 2246 3757 63
2275 3705 2338 3758 id
2372 3720 2513 3785 quoq
2405 3720 2581 3773 uoquc

1454 3790 1569 3828 non
1618 3775 1736 3828 siue
1781 3775 2052 3832 dedecore.
2127 3773 2284 3828 Doch
2330 3775 2438 3827 mit
2482 3789 2579 3843 ge·

1455 3845 1736 3913 ringerem
1781 3844 2121 3900 Nachdruck
2168 3846 2315 3898 auch
2360 3859 2487 3899 ann.
2528 3851 2579 3913 6,

1460 3921 1547 3971 30.
1579 3920 1665 3984 15,
1694 3921 1762 3969 66
1816 3920 1951 3985 Agr.
1982 3921 2066 3971 43.
2106 3915 2236 3970 hist.
2270 3921 2320 3983 3,
2348 3920 2397 3969 4.
2450 3914 2577 3983 Vgl.

1459 4004 1527 4040 zu
1563 3993 1615 4054 3,
1649 3991 1735 4040 54.
1774 4017 1842 4025 -
1879 3987 2167 4041 abhorrere
2201 3985 2310 4040 mit
2345 3983 2581 4040 blossem

1458 4056 1691 4112 Ablativ
1745 4058 1889 4111 auch
1937 4062 1995 4125 1,
2043 4061 2127 4111 54.
2202 4056 2334 4111 hist.
2384 4060 2446 4124 ὃ,
2492 4061 2579 4109 24.

1459 4127 1815 4183 Zweifelhaft
1865 4127 1958 4181 bei
2004 4127 2114 4183 Cic.
2164 4127 2234 4181 de
2279 4126 2400 4181 fato
2447 4131 2507 4194 4,
2545 4130 2579 4181 8

1459 4201 1567 4254 alii
1593 4199 1798 4254 talibus
1822 4199 1977 4253 vitiis
2004 4198 2334 4267 abhorreant
2341 4217 2362 4263 ;
2396 4197 2581 4252 sicher

1458 4271 1882 4326 nachzuweisen
1919 4272 2033 4324 erst
2069 4269 2177 4323 seit
2214 4268 2452 4324 Curtius.
