2867 4625
957 99 1179 155 LIBER
1212 98 1332 157 XV.
1383 100 1538 155 CAP.
1579 106 1808 156 54--57.
2430 102 2561 168 207

383 263 563 348 Ergo
604 263 847 328 accitur
886 261 1163 349 Natalis,
1210 265 1276 327 et
1325 262 1563 328 diversi
1606 263 2112 366 interrogantur,
2133 266 2456 366 ‘quisnam
2504 266 2561 331 is
2582 265 2671 331 56

216 373 447 434 sermo,
493 374 622 436 qua
670 351 748 417 de
793 374 863 417 re
908 351 1158 417 fuisset.
1232 356 1377 417 tum
1423 356 1650 417 exorta
1687 353 1992 437 suspicio,
2039 353 2191 437 quia
2235 375 2370 419 non
2415 376 2563 420 con-

214 441 505 527 gruentia
540 439 1026 543 responderant,
1063 441 1398 525 inditaque
1435 440 1667 506 vinela.
1732 444 1798 505 et
1836 445 2309 508 tormentorum
2349 464 2564 527 aspec-

210 535 344 594 tum
394 551 468 594 ac
515 529 729 594 minas
777 550 913 594 non
960 531 1193 614 tulere3
1238 530 1420 615 prior
1466 534 1688 595 tamen
1732 528 2010 615 Natalis,
2056 533 2259 596 totius
2309 532 2565 617 conspi-

210 619 477 684 rationis
523 619 733 704 magis
783 638 1048 703 gnarus,
1096 619 1291 683 simul
1338 618 1653 704 arguendi
1698 619 2005 722 peritior,
2033 620 2110 684 de
2152 620 2392 686 Pisone
2437 622 2562 704 pri·
2602 637 2637 685 5

210 730 380 771 mum
416 707 679 791 fatetur,
718 706 947 772 deinde
987 707 1188 773 adicit
1214 708 1554 773 Annaeum
1586 705 1914 810 Senecam,
1952 709 2088 773 sive
2124 709 2561 774 internuntius

208 797 371 861 inter
424 818 571 860 eum
625 796 1057 881 Pisonemque
1110 795 1242 861 fuit
1296 797 1431 861 sive
1487 800 1562 861 ut
1615 795 1897 862 Neronis
1954 797 2230 881 gratiam
2283 802 2564 882 pararet,

210 886 313 970 qui
367 885 661 949 infensus
711 883 988 949 Senecae
1037 906 1261 949 omnes
1309 885 1390 949 ad
1448 907 1597 950 eum
1653 885 2148 969 opprimendum
2194 890 2367 951 artes
2415 908 2564 953 con-

210 974 517 1058 quirebat.
600 977 740 1038 tum
797 973 1058 1058 cognito
1104 972 1365 1039 Natalis
1420 974 1659 1039 indicio
1707 971 2055 1040 Scaevinus
2112 996 2365 1060 quoque
2415 977 2563 1059 pari

206 1062 629 1128 inbecillitate
666 1084 752 1126 an
789 1066 1018 1127 cuncta
1064 1062 1197 1127 iam
1242 1062 1574 1147 patefacta
1609 1063 1880 1129 credens
1917 1086 2036 1129 nec
2072 1064 2276 1128 ullum
2315 1065 2563 1129 silentii
2602 1081 2673 1129 ιο

209 1152 739 1234 emolumentum,
794 1150 993 1215 edidit
1039 1154 1307 1217 eeteros.
1392 1173 1468 1215 ex
1516 1152 1749 1236 quibus
1796 1151 2096 1218 Lucanus
2145 1152 2562 1229 Quintianus-

211 1262 325 1325 que
364 1245 432 1305 et
470 1238 736 1304 Senecio
773 1239 882 1303 diu
921 1239 1235 1324 abnuere;
1280 1244 1432 1324 post
1476 1242 1801 1324 promissa
1844 1242 2213 1326 inpunitate
2252 1242 2561 1325 corrupti,

209 1351 326 1414 quo
389 1329 769 1393 tarditatem
835 1332 1245 1412 excusarent,
1308 1328 1606 1394 Lucanus
1673 1328 1954 1395 Aciliam
2020 1335 2294 1396 matrem
2359 1352 2561 1415 suam,

210 1418 600 1495 Quintianus
648 1417 923 1483 Glitium
971 1416 1260 1502 Gallum,
1307 1415 1577 1483 Senecio
1624 1418 1916 1487 Annium
1937 1418 2328 1484 ‘Pollionem
2337 1469 2356 1504 ,
2404 1420 2573 1483 ami-·

209 1528 422 1572 corum
470 1507 887 1591 praecipuos,
931 1507 1367 1572 nominavere.
2603 1524 2671 1572 15

379 1594 600 1680 Atque
664 1595 929 1660 interim
990 1593 1170 1660 Nero
1235 1595 1609 1660 recordatus
1675 1595 1931 1661 Volusii
1996 1595 2259 1663 Proculi
2321 1597 2560 1662 indicio
2582 1596 2667 1661 57

208 1683 578 1769 Epicharim
627 1685 889 1749 attineri
934 1687 1244 1769 ratusque
1282 1684 1596 1748 muliebre
1639 1706 1872 1769 corpus
1918 1685 2133 1769 impar
2178 1686 2387 1750 dolori
2432 1689 2564 1751 tor-

207 1774 436 1839 mentis
486 1772 832 1838 dilacerari
876 1773 1073 1839 iubet.
1149 1776 1215 1837 et
1257 1773 1441 1837 illam
1486 1795 1621 1839 non
1665 1774 1953 1858 verbera,
1998 1796 2133 1840 non
2178 1774 2414 1876 ignes,·
2429 1795 2563 1839 non

208 1862 298 1926 ira
333 1884 410 1927 eo
457 1862 667 1927 aerius
704 1864 1168 1947 torquentium,
1212 1883 1295 1927 ne
1334 1884 1373 1927 a
1416 1861 1661 1926 femina
1708 1866 2188 1963 spernerentur,
2235 1863 2563 1948 pervicere

209 1952 356 2035 quin
394 1951 655 2018 obiecta
692 1951 1060 2036 denegaret.
1110 1952 1201 2016 sic
1236 1950 1487 2034 primus
1526 1950 1927 2034 quaestionis
1967 1951 2104 2016 dies
2133 1956 2562 2035 contemptus
2601 1967 2638 2015 5

209 2045 470 2124 postero
509 2062 653 2105 cum
694 2039 775 2105 ad
812 2040 1072 2105 eosdem
1108 2039 1434 2104 cruciatus
1476 2038 1917 2104 retraheretur
1963 2041 2327 2125 gestamine
2365 2040 2562 2105 sellae

210 2127 383 2214 (nam
453 2129 784 2194 dissolutis
848 2129 1156 2194 membris
1221 2129 1523 2193 insistere
1586 2124 1958 2214 nequibat),
2021 2130 2237 2194 vinclo
2302 2129 2562 2211 fasciae,

212 2238 396 2301 quam
464 2218 711 2301 pectori
777 2217 1169 2301 detraxerat,
1229 2218 1299 2281 in
1352 2216 1619 2281 modum
1674 2217 1889 2301 laquei
1945 2217 2026 2282 ad
2084 2239 2304 2283 arcum
2367 2218 2561 2282 sellae

209 2307 502 2372 restricto
557 2305 797 2372 indidit
850 2308 1164 2374 cervicem
1222 2309 1288 2371 et
1341 2306 1633 2391 corporis
1688 2305 1970 2391 pondere
2027 2307 2248 2373 conisa
2303 2309 2562 2371 tenuem

211 2396 333 2460 iam
389 2396 695 2479 spiritum
756 2398 1100 2480 expressit,
1166 2396 1439 2460 clariore
1494 2395 1789 2479 exemplo
1845 2395 2165 2461 libertina*
2209 2396 2438 2460 mulier
2494 2396 2565 2459 in
2606 2411 2672 2460 ιο

210 2488 389 2548 tanta
427 2485 816 2550 necessitate
854 2485 1102 2551 alienos
1143 2507 1219 2550 ac
1265 2506 1468 2568 prope
1508 2487 1770 2569 ignotos
1816 2485 2240 2571 protegendo,
2286 2506 2430 2550 cum
2469 2485 2564 2548 in-

212 2575 401 2657 genui
442 2577 508 2637 et
543 2574 667 2639 viri
705 2576 770 2637 et
815 2574 1065 2657 equites
1104 2573 1384 2639 Romani
1433 2575 1894 2657 senatoresque
1943 2574 2175 2638 intacti
2219 2573 2563 2638 tormentis

276 2819 369 2875 56.
443 2824 489 2872 1.
557 2819 759 2874 diversi
823 2821 1146 2889 ‚‚getrennt,
1212 2818 1328 2874 ein-
1511 2815 1606 2872 57.
1661 2825 1712 2871 4.
1760 2834 1873 2872 non
1909 2820 2188 2886 pervicere
2230 2818 2370 2887 quin
2417 2836 2458 2872 s.
2497 2836 2566 2871 zu

213 2889 361 2944 zeln“
407 2890 517 2944 wie
566 2896 651 2958 16,
690 2896 759 2944 30
805 2895 1066 2945 steterunt
1109 2891 1327 2946 diversi.
1442 2896 1526 2958 11,
1566 2894 1653 2957 34,
1692 2893 1741 2943 5.

216 2959 389 3017 Germ.
425 2967 492 3015 16
530 2963 717 3016 colunt
754 2962 976 3015 discreti
1006 2978 1074 3016 ae
1109 2962 1330 3028 diversi,
1513 2983 1563 3031 5,
1601 2977 1837 3046 primm⁸
1870 2978 1985 3031 dies
2031 2981 2365 3045 contemptus
2413 2977 2565 3031 gffiehss

215 3033 320 3086 und
357 3033 533 3086 sehon
573 3032 663 3087 bei
700 3031 1047 3087 Klassikern.
1437 3050 1722 3118 pragngnt
1776 3048 1866 3102 ffir
1919 3053 2188 3103 tormenta
2225 3049 2405 3116 Primi
2454 3049 2569 3102 diei

281 3127 328 3176 3.
364 3122 553 3176 vinela
587 3121 775 3175 indere
822 3121 967 3174 auch
1009 3127 1092 3188 11,
1133 3127 1161 3174 1
1209 3122 1328 3175 vin·
1440 3124 1757 3188 contempta.
1840 3119 2001 3173 Doch
2064 3134 2200 3188 mag
2262 3119 2354 3173 die
2416 3118 2566 3173 Kon-

218 3191 408 3261 clisque
443 3192 641 3247 inditis
675 3193 741 3246 in
766 3192 954 3246 urbem
979 3198 1191 3260 raptus.
1243 3198 1329 3260 11,
1434 3191 1631 3260 jektur
1667 3195 2018 3258 consumptus
2057 3189 2250 3245 besser
2287 3191 2423 3246 sein.
2491 3191 2565 3259 (J.

219 3267 280 3315 32
328 3264 616 3332 inditaque
661 3268 794 3317 sunt
839 3264 1040 3317 vinela.
1115 3263 1196 3317 Ist
1231 3280 1333 3316 un-
1440 3261 1768 3329 Prammer.)

217 3332 496 3389 klaflssissssh·
1516 3356 1564 3404 6.
1604 3355 1875 3418 gestamen
1907 3351 2067 3404 sellae
2094 3352 2236 3404 statt
2269 3351 2569 3419 qestatoria

285 3427 367 3477 10.
422 3423 775 3478 inbecillitate
840 3440 918 3477 an
981 3453 1051 3462 —
1116 3423 1334 3476 credens
1440 3421 1576 3474 sella
1631 3421 1776 3474 auch
1834 3426 1918 3488 14,
1957 3426 1991 3473 4
2053 3424 2349 3489 gestamine
2404 3422 2567 3475 sellae

223 3508 353 3560 ganz
397 3493 504 3548 wie
552 3500 602 3562 2,
641 3499 709 3547 22
765 3499 910 3548 metu
964 3493 1212 3547 invidiae
1257 3509 1334 3546 an
1441 3491 1625 3546 Baias
1651 3496 1975 3560 perveniam.

221 3570 367 3618 ratus
411 3565 798 3620 conscientiam
841 3564 982 3630 faeti
1027 3564 1165 3618 satis
1209 3579 1332 3619 esse.
1517 3586 1564 3638 7,
1632 3580 1718 3634 ob
1782 3579 1883 3634 dag
1947 3579 2213 3650 folgende
2288 3581 2568 3636 disgozutig

288 3659 367 3706 12.
406 3655 707 3724 corrupti,
711 3652 1041 3720 ‚verleitet“.
1441 3651 1692 3705 membris
1720 3650 1802 3705 als
1831 3650 2001 3706 Dativ
2039 3668 2157 3706 von
2187 3653 2433 3718 insistere
2468 3651 2565 3705 ab·

289 3748 367 3798 13.
396 3743 587 3798 Acilia
622 3760 739 3798 war
777 3742 866 3798 die
901 3742 1144 3797 Tochter
1182 3742 1333 3796 eines
1441 3722 1621 3805 hfi’PSf·
1675 3722 1821 3790 (³180
1879 3721 2016 3805 „auf
2067 3723 2177 3776 den
2230 3722 2566 3777 verrenkten

223 3810 459 3868 Rednerg
495 3813 710 3869 Acilius
757 3814 1013 3869 Lucanus
1059 3830 1159 3868 aug
1203 3812 1333 3868 (202-
1444 3791 1708 3847 Ghedern
1740 3793 1793 3846 d.
1823 3794 1876 3847 h.
1907 3794 2120 3848 Beinen
2148 3794 2398 3861 stehen“)
2429 3792 2567 3846 oder

225 3881 379 3940 duba.
1443 3865 1516 3919 ob
1555 3880 1614 3919 es
1654 3864 1842 3919 Ablat.
1882 3863 2128 3918 absoluti
2165 3863 2289 3916 sind
2326 3862 2440 3917 und
2476 3864 2565 3916 in-

291 3977 370 4026 14
417 3975 631 4029 Annius
687 3973 870 4029 pollio
925 3973 1001 4027 ish
1044 3973 1337 4028 neneicht
1442 3937 1627 3990 sistere
1655 3935 2034 4004 ‚,feststehen“
2072 3928 2259 4002 heifst,
2295 3934 2373 3987 ist
2407 3933 2566 3987 nieht

229 4042 312 4095 ein
360 4042 541 4100 Enkel
604 4046 700 4100 des
758 4044 1220 4115 Gleichnamigen
1275 4044 1336 4099 in
1447 4024 1515 4060 zu
1554 4006 1964 4106 entscheiden.·

229 4117 274 4180 6,
309 4120 366 4183 9
417 4116 514 4169 der
557 4117 636 4170 im
672 4117 721 4171 J
763 4122 830 4171 32
880 4117 978 4170 der
1014 4117 1335 4186 Majegffifflg-
1517 4100 1566 4151 8.
1606 4111 1770 4150 arcus
1805 4096 1882 4148 1st
1916 4109 2039 4147 eme
2076 4093 2254 4148 runde
2290 4093 2500 4148 Lehne.

228 4154 581 4263 beleidigung
633 4188 970 4257 angeklagt‚
1036 4188 1171 4242 aber
1221 4203 1335 4242 ‘von
1517 4189 1600 4238 10.
1632 4185 1865 4238 clariore
1893 4212 1979 4248 —-,
2008 4198 2132 4236 enm
2163 4200 2293 4251 „um
2320 4199 2381 4237 so
2409 4182 2567 4251 glan-

231 4252 472 4313 Tiberius
510 4260 809 4314 verschont
844 4274 976 4314 war.
1444 4254 1647 4310 zender
1684 4284 1769 4322 -,
1808 4253 1932 4308 da“.
