2867 4625
205 680 290 743 63

207 1841 294 1905 64

323 71 451 137 166

972 71 1318 129 CORNELII
1356 72 1606 129 ΤΔΟΙΤΙ
1642 72 2040 129 ANNALIUM

309 215 661 319 promittit:
717 236 847 319 vel,
906 236 963 300 si
1008 236 1408 321 negavisset,
1463 257 1686 302 necem
1739 237 2040 302 intentat.
2121 237 2234 301 ille
2289 236 2485 302 insita
2524 259 2652 304 vae-

209 338 275 387 15
312 324 535 390 cordia
572 327 637 388 et
681 324 995 389 facilitate
1040 326 1333 408 priorum
1378 325 1798 411 flagitiorum,
1844 326 2033 410 plura
2069 326 2265 391 etiam
2311 345 2501 411 quam
2541 327 2656 391 ius-

313 435 454 478 sum
515 417 658 478 erat
711 414 900 498 fingit
953 412 1323 499 fateturque
1379 413 1563 498 apud·
1609 415 1879 499 amicos,
1944 436 2109 498 quos
2171 416 2350 480 velut
2402 416 2654 481 conm‘lio

315 501 703 567 adhibuerat
748 504 1069 588 princeps,
1140 507 1282 568 tum
1318 503 1389 568 in
1426 500 1795 568 Sardiniam
1831 504 2119 588 pellitur,
2167 503 2282 569 ubi
2317 523 2450 570 non
2484 505 2655 588 inops

316 591 580 656 exilium
628 592 936 657 toleravit
982 595 1050 657 et
1092 591 1233 658 fato
1281 591 1463 657 obiit.

496 679 593 744 At
628 679 806 746 Nero
851 681 1251 764 praefectum
1296 681 1366 746 in
1403 702 1584 766 spem
1625 680 1972 746 sociandae
2009 682 2240 747 classis
2288 686 2657 768 corruptum,

314 773 380 834 et
425 770 760 836 incusatae
808 771 1004 854 paulo
1044 773 1192 835 ante
1232 770 1597 836 sterilitatis
1636 769 1897 855 oblitus,
1944 771 2211 836 abactos
2257 774 2487 855 partus
2532 793 2658 837 cen-

314 859 590 924 scientia
636 859 1012 944 libidinum,
1071 881 1272 944 eaque
1319 858 1448 924 sibi
1493 860 1829 943 comperta
1875 859 2084 925 edicto
2131 864 2457 926 memorat
2505 862 2657 925 insu·

310 948 503 1033 laque
559 947 953 1013 Pandateria
999 947 1339 1014 Octaviam
1397 947 1660 1013 claudit.
1751 969 1886 1013 non
1941 949 2073 1013 alia
2129 950 2276 1014 exul
2331 950 2658 1016 visentium

244 1053 275 1100 5
316 1037 535 1103 oculos
582 1037 827 1102 maiore
874 1037 1319 1104 misericordia
1364 1036 1623 1102 adfecit.
1696 1038 2130 1103 meminerant
2167 1037 2380 1106 adhuc
2419 1039 2659 1123 quidam

312 1124 718 1211 Agrippinae
775 1149 814 1191 a
860 1126 1148 1210 Tiberio,
1203 1126 1529 1192 recentior
1571 1125 1779 1191 Iuliae
1834 1127 2147 1191 memoria
2207 1128 2659 1193 obversabatur

313 1237 352 1279 a
398 1212 669 1280 Claudio
717 1215 966 1300 pulsae:
1014 1216 1127 1280 sed
1172 1216 1304 1280 illis
1351 1214 1553 1280 robur
1599 1214 1836 1280 aetatis
1882 1215 2199 1301 adfuerat,
2244 1216 2423 1281 laeta
2466 1217 2660 1301 aliqua

311 1304 612 1370 viderant
660 1308 725 1369 et
770 1308 1181 1388 praesentem
1218 1304 1563 1370 saevitiam
1600 1303 1886 1370 melioris
1930 1305 2086 1369 olim
2133 1304 2445 1371 fortunae
2477 1326 2659 1370 recor-

310 1393 573 1458 datione
622 1393 1026 1459 adlevabant.
1105 1393 1260 1459 huic
1313 1393 1565 1479 primus
1611 1393 1990 1477 nuptiarum
2047 1394 2185 1459 dies
2241 1394 2391 1460 loco
2437 1393 2660 1460 funeris

206 1501 272 1547 10
310 1481 454 1566 fuit,
505 1482 814 1547 deductae
860 1483 930 1547 in
989 1482 1251 1548 domum
1296 1484 1363 1550 in
1410 1504 1541 1566 qua
1584 1482 1755 1547 nihil
1797 1482 1924 1547 nisi
1979 1483 2347 1548 luctuosum
2394 1483 2658 1567 haberet,

310 1574 540 1653 erepto
572 1593 688 1656 per
722 1593 1043 1636 venenum
1081 1575 1267 1656 patre
1306 1575 1372 1637 et
1411 1571 1638 1639 statim
1675 1572 1906 1657 fratre3
1951 1575 2092 1636 tum
2131 1572 2377 1637 ancilla
2421 1571 2659 1637 domina

311 1660 585 1724 validior
657 1662 724 1724 et
794 1658 1102 1744 Poppaea
1174 1683 1311 1727 non
1383 1660 1512 1725 nisi
1584 1661 1657 1726 in
1727 1660 2083 1745 perniciem
2156 1661 2385 1726 uxoris
2457 1664 2656 1745 nupta,

311 1752 642 1831 postremo
692 1749 937 1813 crimen
983 1750 1162 1814 omni
1210 1751 1407 1815 exitio
1456 1750 1738 1835 gravius.

491 1835 591 1902 Ac
656 1837 879 1921 puella
942 1837 1298 1905 vicensimo
1366 1839 1602 1904 aetatis
1669 1861 1841 1905 anno
1906 1838 2081 1905 inter
2136 1839 2547 1903 centuriones
2603 1840 2656 1901 et

312 1926 573 2011 milites,
617 1927 963 2012 praesagio
1011 1928 1333 1993 malorum
1376 1929 1513 1993 iam
1549 1928 1725 1992 vitae
1764 1932 2085 2012 exempta,
2129 1927 2427 1992 nondum
2461 1930 2658 1992 tamen

314 2100 592 2170 Analogia
616 2118 730 2156 von
763 2102 902 2170 loca,
939 2102 1117 2158 findet
1144 2102 1265 2158 sich
1294 2104 1440 2158 auch

309 2171 402 2227 bei
439 2172 551 2228 den
585 2172 791 2228 beiden
824 2173 1060 2230 Plinius.

384 2250 466 2297 14.
494 2244 577 2298 vel
603 2243 710 2299 wie
740 2245 886 2299 oben
914 2244 1019 2316 ΚΡ.
1044 2252 1129 2301 61.
1162 2276 1228 2285 -
1257 2261 1440 2302 necem

306 2317 546 2369 intentat
571 2316 719 2371 nach
749 2315 903 2387 Virg.
932 2318 1069 2372 Aen.
1104 2323 1151 2386 1,
1183 2324 1249 2372 91
1271 2335 1436 2387 prae-

309 2391 614 2457 sentemque
683 2388 825 2444 viris
898 2388 1180 2443 intentant
1249 2391 1437 2445 omnia

308 2462 546 2512 mortem.

383 2536 468 2583 15.
506 2531 719 2584 iussum
754 2534 874 2585 erat
918 2529 1073 2585 kann
1119 2547 1178 2586 es
1222 2531 1435 2587 heissen

310 2601 452 2656 statt
503 2601 687 2656 iussus
733 2605 878 2669 erat,
933 2601 1062 2656 weil
1108 2619 1240 2656 man
1288 2602 1435 2658 auch

308 2673 441 2795 {ag}
474 2672 664 2797 iggerg
694 2673 927 2797 a2li1quid.
1002 2672 1228 2728 Ebenso
1266 2678 1317 2743 2,
1346 2680 1432 2729 40.

386 2818 469 2866 18.
497 2815 616 2880 fato
650 2815 787 2869 obiit
822 2831 919 2883 „er
955 2817 1111 2870 starb
1147 2815 1302 2871 eines
1338 2833 1435 2872 na·

308 2885 592 2940 tiirlichen
660 2884 900 2940 Todes“.
982 2886 1207 2943 Ebenso
1258 2893 1307 2955 6,
1349 2893 1432 2943 10.

307 2957 427 3022 fato
463 2956 632 3028 fungi
672 2962 757 3024 11,
793 2962 844 3010 2.
908 2958 1028 3024 fato
1065 2959 1347 3014 concedere
1384 2965 1434 3027 2,

312 3033 395 3080 71.
463 3028 584 3082 Liv.
645 3034 729 3093 26,
787 3032 872 3095 13,
928 3035 991 3082 17
1055 3030 1176 3095 fato
1238 3030 1434 3084 cedere.

310 3096 517 3152 Justin.
556 3104 643 3165 39,
680 3104 717 3151 4
752 3099 1115 3168 spiritumque
1148 3115 1263 3155 non
1297 3101 1436 3169 fat0,

310 3169 404 3222 sed
436 3170 750 3240 parricidio
785 3169 951 3224 dedit.

384 3309 480 3364 63.
542 3315 588 3363 1.
645 3311 711 3364 in
753 3326 900 3379 spem
944 3309 1274 3366 bezeichnet
1319 3311 1437 3368 Ziel

311 3380 427 3436 und
455 3381 872 3451 Beweggrund‚
911 3381 1016 3437 wie
1044 3382 1149 3452 ΚΡ.
1183 3388 1265 3439 15.
1304 3383 1437 3440 hist.

311 3457 364 3518 4,
400 3457 470 3506 42
517 3453 582 3506 in
616 3469 762 3522 spem
794 3454 1090 3522 potentiae.
1156 3452 1287 3510 Erst
1331 3455 1440 3511 seit

310 3522 504 3577 Livius
551 3524 979 3593 gebrauchlich,
1036 3544 1082 3580 z.
1120 3525 1184 3581 B.
1234 3533 1320 3596 21,
1367 3533 1436 3582 45

302 3595 561 3664 praemia
571 3597 926 3663 pronumtiat,
954 3598 1019 3651 in
1043 3614 1275 3666 quorum
1289 3615 1440 3666 spem

308 3670 645 3736 pwynarent.
702 3672 753 3733 ὅ,
782 3672 853 3721 30
890 3669 1187 3738 vellentque
1220 3671 1286 3724 in
1320 3685 1440 3723 cam

313 3753 459 3806 spem
506 3738 703 3792 liberos
748 3739 946 3793 tollere.
1009 3738 1152 3796 Plin.
1200 3757 1327 3809 pan.
1366 3744 1435 3794 27

266 3873 274 3879 ,
314 3811 498 3863 tollere
534 3809 730 3864 liberos
765 3811 830 3863 in
865 3825 1011 3878 spem
1039 3812 1435 3866 alimentorum.

388 3885 435 3934 2.
498 3881 721 3936 abactos
770 3886 987 3949 partus.
1059 3879 1165 3934 Die
1220 3880 1444 3936 Abtrei—

316 3949 473 4020 hung
500 3951 599 4006 der
625 3949 1017 4007 Leibesfrucht
1049 3952 1286 4016 (abactio
1305 3968 1445 4020 par-

318 4024 407 4075 tus
454 4020 608 4076 odei-1
633 4024 799 4092 fetus)
855 4038 970 4075 war
1019 4019 1115 4076 bei
1169 4021 1281 4077 den
1335 4022 1445 4078 Βδ-

318 4107 479 4145 mern
514 4093 693 4148 durch
739 4094 871 4149 kein
910 4093 1111 4148 Gesetz
1145 4092 1444 4160 verboten;

321 4160 578 4230 dagegen
607 4165 861 4220 erwahnt
889 4163 1081 4220 Cicero
1116 4164 1191 4235 (p.
1223 4162 1445 4220 Cluent.

324 4232 411 4298 11)
452 4231 617 4289 einen
651 4235 777 4290 Fan
821 4252 922 4290 aus
960 4235 1147 4307 Milet,
1195 4251 1283 4291 wo
1322 4235 1444 4291 dies

1545 2101 1907 2227 Vergrechen
1932 2100 2042 2157 mit
2078 2102 2208 2158 dem
2237 2101 2398 2158 Tode
2439 2100 2651 2158 beatas

1546 2189 1651 2227 wir
1692 2215 1705 2226 .

1617 2249 1669 2298 4.
1726 2243 2068 2299 Pandateria
2120 2244 2257 2299 oder
2314 2241 2651 2307 Pandataria.

1545 2315 1692 2371 auch
1732 2322 1779 2384 1,
1810 2323 1878 2371 53
1917 2318 2002 2371 als
2030 2316 2539 2386 Verbannungsort
2571 2314 2653 2368 der

1545 2387 1763 2443 alter-en
1798 2387 1953 2443 Julia
1990 2387 2272 2456 efflabat,
2315 2387 2418 2458 lag
2456 2384 2652 2443 sfidlich

1544 2475 1661 2514 von
1695 2458 2020 2514 Tarracina.

1617 2529 2029 2612 63Agrippina,
2068 2528 2375 2587 Gemahlin
2414 2529 2511 2585 des
2537 2526 2652 2583 Ger·

1544 2616 1824 2727 ἓίἷῖἐῖῗέ
1841 2600 2352 2727 „ffiaffloeffg
2375 2599 2651 2727 &31¹3ssssss

1544 2772 1612 2783 -
1649 2743 1685 2797 J
1687 2743 1805 2799 ulia
1838 2744 1917 2798 ist
1953 2743 2074 2798 ihre
2111 2742 2386 2809 Tochter‚
2431 2741 2532 2798 auf
2559 2743 2651 2796 An·

1542 2812 1690 2869 trieb
1756 2813 1856 2868 der
1910 2814 2217 2870 Messalina
2281 2814 2507 2885 verjagt
2555 2809 2650 2866 und

1543 2884 1682 2940 bald
1718 2885 1925 2940 darauf
1953 2886 2189 2955 getotet.

1619 2961 1670 3010 9.
1709 2957 1931 3025 primus
1979 2957 2076 3011 ctt.
2132 2956 2296 3026 (statt
2347 2956 2447 3011 des
2495 2951 2646 3009 hand-

1546 3026 1784 3082 schriftl.
1828 3028 2100 3096 primum)
2135 3027 2429 3082 bedentet:
2488 3025 2648 3080 Schon

1546 3097 1646 3154 der
1691 3099 1841 3153 erste
1879 3098 2004 3168 Tag
2046 3098 2200 3153 ihrer
2244 3097 2366 3152 Ehe
2412 3113 2529 3152 war
2571 3094 2646 3149 ein

1545 3169 1956 3240 Ungliickstag.
2616 3235 2627 3246 ·

1622 3246 1704 3296 11.
1735 3244 1929 3310 patre,
1969 3239 2256 3297 Claudius.
2310 3241 2516 3307 fratre,
2548 3235 2649 3317 Bt}-

1545 3312 1823 3367 tannicns.
1879 3342 1951 3352 —
2005 3312 2241 3378 ancilla,
2289 3310 2534 3365 nam-liuh
2573 3306 2648 3360 die

1545 3381 1967 3508 {rzigelassene
2031 3384 2173 3438 Acte
2187 3426 2201 3452 ,
2274 3382 2453 3437 Neros
2521 3379 2648 3434 Kon-

1590 3472 1624 3508 u
1669 3470 1778 3512 me.

1621 3532 1704 3581 12.
1722 3525 1965 3580 validior
1985 3522 2470 3594 „einflussreicher,
2482 3520 2645 3576 manh-

1546 3596 1731 3666 tiger“
1767 3596 1876 3651 wie
1911 3595 2018 3666 ΚΡ.
2059 3601 2127 3650 51
2166 3596 2404 3651 validior
2445 3591 2644 3661 Tiyellt·

1545 3683 1658 3722 nus*
1696 3670 1764 3723 in
1798 3667 1985 3722 animo
2021 3668 2309 3737 principie
2349 3665 2461 3723 und
2501 3662 2644 3719 oster.

1615 3808 1715 3865 64.
1757 3815 1804 3863 1.
1826 3809 2021 3878 puella
2048 3808 2142 3863 die
2165 3808 2342 3879 junge
2373 3804 2528 3870 Fran,
2553 3798 2645 3855 wie

1553 3880 1647 3934 bei
1713 3879 1860 3935 Ovid
1921 3880 2040 3935 und
2103 3878 2246 3934 Gell.
2295 3884 2376 3945 12,
2414 3883 2461 3944 1,
2497 3880 2544 3929 4.
2585 3899 2644 3912 --

1551 3952 1857 4006 vicensimo.
1923 3950 2030 4005 Die
2077 3952 2217 4005 Zahl
2272 3949 2346 4003 ist
2388 3959 2643 4016 enganna,

1553 4022 1628 4077 da
1665 4020 1904 4077 Octavia
1937 4021 2279 4092 wenigstens
2326 4017 2456 4073 zwei
2488 4014 2641 4070 Jahro

1552 4093 1696 4148 alter
1732 4093 1853 4148 sein
1886 4091 2107 4148 musste.

1623 4169 1674 4220 2.
1711 4165 1857 4219 vitae
1892 4169 2140 4234 exempta
2167 4160 2501 4232 „entriickt“.
2542 4157 2640 4211 Du

1551 4234 1718 4290 Verb.
1776 4236 2032 4304 eximere,
2096 4234 2337 4291 welches
2385 4227 2643 4285 Klamkor
