2867 4625
928 100 1165 158 LIBER·
1183 102 1307 158 XII.
1372 101 1529 158 GAP.
1570 108 1800 158 24—28.
2464 104 2553 171 47

186 263 472 333 Neronis
509 264 831 330 transiret.
913 267 1188 352 augetur
1222 266 1290 329 et
1324 265 1692 351 Agrippina
1730 271 2163 352 cognomento
2201 268 2560 354 Augustae.

189 354 430 438 quibus
463 354 743 437 patratis
780 375 974 420 nemo
1014 354 1176 419 adeo
1217 375 1446 438 expers
1483 355 1968 420 misericordiae
2004 356 2147 436 fuit,
2195 379 2383 441 quem
2423 380 2559 424 non

184 440 560 508 Britannici
602 442 867 508 fortuna
901 464 1193 509 maerore
1231 443 1552 508 adficeret.
1640 443 1971 509 desolatus
2006 447 2322 529 paulatim
2360 447 2559 512 etiam
2597 462 2634 512 5

186 530 533 596 servilibus
578 530 960 596 ministeriis
1006 552 1166 617 puer
1210 531 1677 616 intempestiva
1722 554 2041 601 novercae
2088 534 2305 600 officia
2349 535 2421 600 in
2463 537 2559 601 lu-

185 619 470 684 dibrium
533 620 856 705 vertebat,
920 621 1308 707 intellegens
1372 619 1545 687 falsi.
1653 642 1859 707 neque
1924 623 2097 687 enim
2166 643 2431 709 segnem
2498 625 2558 690 ei

182 708 390 773 fuisse
436 708 721 774 indolem
765 708 1013 794 ferunt,
1066 709 1204 774 sive
1247 728 1503 793 verum,
1554 731 1669 775 seu
1713 711 2020 795 periculis
2067 713 2558 779 commendatus

180 797 459 862 retinuit
503 797 746 862 famam
794 797 933 862 sine
981 797 1440 881 experimento.

367 883 495 951 Sed
546 886 915 971 ‚Agrippina
978 907 1104 971 quo
1169 886 1302 951 vim
1369 908 1555 951 suam
1616 887 1810 972 sociis
1870 909 2125 974 quoque
2180 889 2556 956 nationibus
2575 888 2664 955 27

185 977 575 1059 ostentaret,
618 975 689 1038 in
737 974 1043 1059 oppidum
1081 973 1422 1059 Ubiorum,
1468 975 1539 1039 in
1585 977 1973 1060 quo-genita
2010 980 2167 1061 erat,
2210 982 2555 1044 veteranos

180 1063 632 1148 coloniamque
691 1062 916 1129 deduci
968 1064 1304 1148 impetrat,
1363 1063 1469 1129 eui
1523 1085 1764 1130 nomen
1815 1065 2091 1129 inditum
2147 1088 2182 1130 e
2238 1067 2553 1132 vocabulo

178 1151 408 1235 ipsius.
492 1174 566 1217 ac
609 1151 782 1216 forte
830 1152 1153 1218 acciderat
1196 1155 1275 1217 ut
1319 1173 1463 1217 eam
1507 1156 1766 1238 gentem
1803 1153 2035 1220 Rheno
2072 1158 2554 1239 transgressam

179 1261 348 1306 avus
391 1237 692 1326 Agrippa
736 1239 809 1305 in
852 1240 1049 1306 fidem
1096 1241 1433 1325 acciperet.
2591 1259 2625 1308 5

363 1328 579 1394 Isdem
634 1330 1038 1414 temporibus
1093 1330 1164 1394 in
1221 1329 1552 1414 superiore
1599 1328 1949 1396 Germania
1999 1331 2393 1416 trepidatum
2443 1333 2551 1397 ad-

177 1419 382 1483 ventu
453 1414 837 1483 Chattorum
901 1418 1248 1484 latrocinia
1311 1417 1721 1504 agitantium.
1813 1419 1963 1485 dein
2021 1419 2089 1486 P.
2147 1419 2549 1504 Pomponius

178 1507 446 1592 legatus
493 1506 839 1571 auxiliares
874 1507 1262 1592 Vangionas
1309 1529 1383 1573 ac
1424 1506 1760 1593 Nemetas,
1809 1508 2027 1574 addito
2076 1509 2291 1593 equite
2331 1510 2552 1594 alario,

174 1596 449 1679 inmisit,
495 1595 779 1661 monitos
824 1599 900 1661 ut
945 1596 1268 1661 anteirent
1311 1597 1734 1680 populatores
1781 1597 1883 1662 vel
1927 1598 2195 1681 dilapsis
2233 1598 2553 1682 inprovisi

177 1682 871 1749 circumfunderentur.
935 1689 1003 1751 et
1038 1687 1260 1751 secuta
1296 1685 1637 1750 consilium
1677 1686 1856 1751 ducis
1893 1686 2216 1752 industria
2247 1687 2551 1767 militum,
2591 1703 2664 1752 10

178 1772 510 1856 divisique
563 1771 634 1836 in
688 1772 817 1840 duo
873 1773 1165 1859 agmina,
1225 1774 1338 1858 qui
1391 1775 1649 1839 laevum
1701 1775 1828 1840 iter
1881 1775 2275 1859 petiverant,
2329 1798 2552 1842 recens

176 1882 483 1927 reversos
536 1861 904 1947 praedaque
958 1884 1074 1947 per
1126 1863 1352 1927 luxum
1405 1884 1561 1928 usos
1610 1867 1677 1929 et
1727 1871 1955 1930 somno
2003 1884 2236 1950 graves
2283 1865 2552 1932 circum-

177 1970 438 2016 venere.
522 1953 710 2015 aucta
754 1951 1025 2036 laetitia,
1072 1951 1241 2037 quod
1290 1950 1604 2035 quosdam
1650 1974 1685 2016 e
1733 1953 1911 2017 clade
1947 1952 2239 2019 Variana
2279 1954 2551 2038 quadra-

176 2039 558 2124 gensimum
603 2043 756 2123 post
800 2061 1040 2105 annum
1087 2040 1351 2105 servitio
1398 2044 1789 2107 exemerant.

362 2125 460 2192 At
524 2127 634 2212 qui
702 2128 944 2194 dextris
1011 2131 1077 2193 et
1127 2128 1544 2213 propioribus
1601 2129 2000 2214 compendiis
2055 2131 2293 2214 ierant,
2358 2131 2549 2197 obvio
2569 2131 2658 2197 28

175 2216 362 2282 hosti
429 2218 497 2280 et
553 2217 757 2281 aciem
813 2239 971 2283 auso
1025 2218 1174 2302 plus
1230 2217 1430 2283 cladis
1485 2217 1765 2304 faciunt,
1828 2220 1894 2283 et
1947 2218 2192 2304 praeda
2245 2218 2551 2304 famaque

178 2305 409 2371 onusti
465 2305 546 2369 ad
601 2308 889 2371 montem
936 2306 1237 2372 Taunum
1291 2309 1727 2390 revertuntur,
1780 2307 1913 2373 ubi·
1947 2306 2348 2392 Pomponius
2405 2331 2552 2374 cum
2623 2369 2630 2378 .

176 2393 554 2481 legionibus
618 2395 1103 2481 opperiebatur,
1167 2396 1222 2461 si
1279 2393 1505 2461 Chatti
1571 2397 1870 2482 cupidine
1924 2396 2273 2462 ulciscendi
2331 2419 2551 2462 casum

179 2586 257 2642 So
305 2584 458 2641 hiere
505 2584 598 2642 die
632 2585 920 2657 Adoption
971 2586 1315 2659 dei-Jenigen,
1424 2588 1555 2658 Vgl.
1597 2593 1659 2642 11
1676 2629 1690 2656 ,
1731 2594 1796 2643 13
1833 2590 1886 2643 is
1931 2590 2184 2645 carmina
2227 2605 2417 2645 scenae
2451 2590 2549 2645 da·

180 2655 277 2712 die
323 2657 487 2711 nicht
519 2658 686 2712 unter
719 2657 1061 2715 vaterlicher
1097 2659 1318 2715 Gewalt
1426 2659 1534 2715 bat.
1596 2664 1647 2727 5,
1676 2664 1709 2714 8
1745 2661 1923 2715 multa
1957 2676 2168 2716 morum
2205 2661 2475 2730 eleyantia
2502 2666 2552 2716 et

179 2727 452 2797 standen,
500 2744 617 2783 was
663 2728 758 2784 bei
793 2729 943 2785 Nero
989 2730 1197 2799 zutraf‚
1243 2730 1317 2785 da
1423 2731 1648 2800 inqenio
1682 2730 1928 2786 inlustri.

182 2798 311 2855 ΒΘῘΠ
346 2797 524 2853 vater
557 2800 648 2855 ¹²⁰ss
682 2816 816 2855 ΨΜ·
1498 2824 1548 2875 8.
1598 2817 1706 2874 Die
1741 2817 2078 2890 Vangionen
2118 2820 2232 2874 und
2267 2820 2550 2891 Nemeter,

257 2893 312 2943 3.
350 2902 569 2957 augere,
596 2887 688 2943 die
711 2888 1048 2959 Steigerung
1074 2889 1174 2944 des
1198 2890 1318 2944 An·
1428 2890 1724 2946 suebische
1755 2889 2023 2959 stamme,
2062 2891 2328 2947 wohnten
2364 2891 2423 2945 in
2452 2891 2553 2946 der

182 2958 414 3026 sehens,
441 2957 540 3013 der
556 2956 752 3014 Macht
778 2958 1179 3029 bezeichnend‚
1206 2959 1315 3016 wie
1426 2960 1700 3031 heutigen
1734 2960 2086 3031 Rheinpfalz.
2115 2992 2186 3003 —-
2213 2961 2549 3017 Accusative

185 3036 246 3098 6,
288 3034 325 3085 8
360 3029 660 3104 honoribus
697 3030 1061 3100 auyebantwr.
1425 3031 1533 3087 mit
1580 3032 1679 3086 der
1713 3031 1915 3086 Endun
2000 3049 2064 3087 as
2100 3034 2243 3087 statt
2278 3049 2333 3089 es
2367 3033 2552 3088 bildet

257 3122 311 3171 5,
346 3117 644 3172 -degozatug
709 3117 1044 3185 ,verlassen“
1109 3117 1216 3173 wie
1267 3123 1295 3172 1
1426 3101 1687 3171 Tacitus,
1722 3102 1855 3187 ‘wie
1956 3120 2116 3158 aesar
2168 3104 2283 3158 und
2338 3102 2550 3188 Livius,

186 3195 277 3244 30.
329 3193 416 3255 16,
454 3193 540 3242 30.
606 3160 731 3242 Nu’r
764 3188 859 3244 bei
891 3160 1166 3244 montem
1201 3161 1319 3244 unci
1425 3172 1949 3316 ffigfflafflffi,
1962 3173 2208 3301 fitur-1323
2232 3173 2551 3300 Odggfvgffs,

1726 3285 1745 3312 ,
1993 3246 2143 3301 hetor-
2363 3285 2375 3298 .
2487 3288 2499 3301 .

1499 3339 1551 3388 9.
1581 3334 1899 3404 populator,
1927 3337 2116 3389 zuerst
2139 3333 2235 3389 bei
2264 3333 2409 3390 Ovid
2439 3335 2552 3389 und

181 3260 265 3315 im
308 3258 587 3314 silbernen
621 3258 837 3315 Latein.

261 3354 313 3403 6.
408 3347 786 3418 intempestiva

184 3418 447 3475 bracht“.

261 3496 312 3545 7.
373 3490 686 3561 intelleqens
732 3488 840 3545 mit
884 3489 1014 3546 dem
1060 3490 1317 3561 Genetiv,

183 3561 296 3616 wie
336 3566 399 3630 4,
437 3567 522 3616 38.
572 3566 632 3630 5,
670 3567 730 3629 93
777 3562 925 3616 auch
970 3561 1064 3617 bei
1104 3560 1315 3618 Cicero.

261 3702 361 3757 27.
393 3708 443 3758 2.
472 3701 736 3773 oppidum
765 3701 1029 3758 Ubiorum
1054 3701 1130 3758 ist
1151 3703 1317 3759 Kbln.

261 3779 313 3828 3.
369 3774 661 3843 impetrare
713 3773 820 3827 mit
875 3775 1074 3830 Aecus.
1122 3790 1169 3829 c.
1215 3773 1317 3830 inf.

186 3861 299 3899 nur
324 3843 476 3899 noch
501 3843 597 3899 bei
622 3843 903 3900 Ammian.
971 3845 1140 3901 Sonst
1167 3845 1321 3901 steht

189 3933 251 3971 es
289 3914 401 3969 mit
435 3919 514 3971 ut.

264 3991 313 4041 7.
351 3985 460 4041 Die
489 3985 734 4042 Chatten
768 3986 1034 4042 wohnten
1070 3986 1152 4041 im
1178 3987 1314 4042 heu-

186 4057 349 4128 tigen
386 4056 724 4114 Kurhessen.
762 4087 830 4098 -
867 4057 930 4112 P.
957 4056 1317 4129 Pomponius,

189 4128 292 4183 der
326 4144 461 4183 vom
495 4127 546 4183 J.
577 4133 643 4183 31
682 4128 770 4184 bis
807 4135 876 4184 37
909 4144 1107 4199 wegen
1137 4129 1319 4185 seiner

187 4197 605 4254 Freundschaft
659 4198 765 4254 mit
816 4198 985 4269 Sejan
1039 4200 1320 4270 gesangen

192 4268 306 4325 ears
322 4312 337 4339 ,
381 4270 541 4325 hatte
578 4269 898 4341 Tragodien
936 4270 1317 4341 geschrieben.

878 3389 912 3418 ‚,
927 3348 1059 3433 fibel
1151 3365 1318 3420 ange-

1425 3403 1648 3472 Livius,
1696 3405 1848 3464 dann
1892 3404 1970 3458 im
2014 3404 2298 3460 silbernen
2332 3405 2551 3475 Latein,

1425 3474 1504 3529 ist
1539 3474 1633 3530 bei
1672 3475 1805 3529 Tac.
1843 3468 1941 3529 ἅπ.
1982 3473 2084 3545 elo.

1498 3614 1595 3671 28.
1645 3620 1693 3672 2.
1732 3614 1797 3670 In
1824 3618 2046 3686 praeda
2080 3615 2339 3689 famaque
2365 3618 2554 3673 onusti

1427 3685 1571 3755 liegt
1633 3685 1724 3741 ein
1790 3687 2082 3743 ahnliehes
2138 3689 2388 3759 Zeugma
2444 3689 2549 3744 wie

1426 3756 1613 3812 Germ.
1647 3762 1677 3811 '7
1708 3757 1855 3813 cibvs
1882 3764 1933 3812 et
1967 3758 2283 3815 hortamina
2317 3764 2547 3829 qestant.

1497 3851 1548 3900 4.
1604 3846 1657 3900 si
1710 3844 1820 3914 „ob
1878 3848 2050 3914 etwa,
2115 3846 2208 3900 ffir
2261 3847 2371 3903 den
2421 3847 2550 3902 Fau

1423 3915 1600 3985 dass“,
1657 3915 1763 3971 wie
1814 3922 1875 3985 4,
1913 3922 1982 3971 49
2037 3918 2331 3973 exercitum
2378 3923 2546 3973 osten

1423 3988 1535 4054 dit,
1584 3988 1637 4043 si
1681 3987 1912 4043 barbari
1952 3989 2223 4058 proelium
2267 3989 2548 4044 auderent.

1429 4064 1479 4127 1,
1508 4063 1578 4114 48
1606 4058 1721 4114 und
1751 4059 1912 4115 efter.
1965 4059 2039 4115 So
2068 4060 2239 4115 sehon
2266 4058 2362 4115 bei
2383 4059 2547 4114 Klas-

1426 4130 1641 4199 sikern,
1680 4150 1725 4185 z.
1762 4130 1827 4185 B.
1866 4130 2021 4186 Caes.
2059 4132 2113 4187 b.
2153 4148 2206 4202 g.
2245 4136 2298 4202 2,
2336 4137 2368 4186 9
2404 4131 2551 4187 hamc

1424 4202 1478 4256 si
1520 4203 1701 4257 nostri
1747 4203 2075 4272 transirent,
2122 4203 2296 4259 hostes
2336 4217 2547 4272 exspec—

1426 4272 1639 4330 tabant.
1712 4272 1766 4329 b.
1807 4289 1853 4328 c.
1893 4278 1952 4344 2,
1997 4278 2067 4329 34
2111 4275 2163 4330 si
2204 4305 2271 4316 —
2309 4274 2550 4333 transire
