2867 4625
972 95 1194 150 LIBER
1229 94 1325 150 IV.
1400 94 1556 150 CAP.
1596 100 1753 149 2-4.

2416 92 2545 157 201

207 261 414 326 batur.
484 280 640 323 nam
677 256 928 322 Drusus
965 258 1293 344 inpatiens
1330 257 1571 322 aemuli
1612 260 1677 321 et
1715 257 1932 322 animo
1981 255 2370 321 commotior
2407 258 2548 320 orto
2586 276 2621 326 5

205 347 372 413 forte
424 348 637 432 iurgio
691 347 1063 412 intenderat
1118 346 1352 412 Seiano
1407 368 1639 410 manus
1693 349 1760 410 et
1814 349 2042 411 contra
2094 343 2420 409 tendentis
2477 365 2549 408 os

207 438 673 503 verberaverat.
764 436 970 521 igitur
1024 440 1255 501 cuncta
1307 435 1664 520 temptanti
1717 433 2284 518 promptissimum
2338 433 2551 496 visum

209 525 289 591 ad
350 547 621 590 uxorem
685 525 822 589 eius
886 523 1138 590 Liviam
1212 529 1615 605 convertere,
1688 546 1852 608 quae
1918 544 2103 588 soror
2168 520 2553 604 Germanici,

202 614 451 679 formae
486 613 674 678 initio
714 612 949 678 aetatis
986 613 1347 696 indecorae,
1393 634 1548 677 mox
1582 611 2063 698 pulchritudine
2098 572 2553 712 praecellebat}

204 703 372 768 hanc
416 706 494 767 ut
540 724 758 768 amore
803 703 1103 768 incensus
1152 702 1468 768 adulterio
1514 701 1809 786 pellexit,
1856 706 1923 765 et
1966 705 2317 786 postquam
2360 699 2555 784 primi
2593 720 2662 770 10

202 792 445 876 flagitii
525 791 781 875 potitus
856 793 958 856 est
1038 788 1285 877 (neque
1367 789 1611 854 femina
1667 790 1942 867 ,amissa
2020 788 2334 874 pudicitia
2424 786 2556 852 alia

206 877 557 968 abnuerit),
602 880 684 944 ad
729 879 1016 964 8011111811
1061 902 1261 983 spem,
1307 879 1706 945 consortium
1750 878 1938 962 regni
1975 882 2042 942 et
2076 898 2300 942 necem
2336 875 2556 940 mariti

205 969 487 1054 impulit.
579 973 772 1053 atque
825 968 970 1053 illa,
1026 970 1129 1034 cui
1184 968 1544 1034 avunculus
1589 968 1956 1053 AugustuS,
2011 988 2192 1032 socer
2237 964 2556 1047 Tiberius,

200 1080 277 1123 ex
344 1057 559 1122 Druso
632 1058 848 1143 liberi,
920 1078 1117 1142 seque
1192 1079 1266 1122 ac
1338 1058 1616 1123 maiores
1679 1061 1748 1121 et
1810 1059 2109 1140 posteros
2175 1053 2555 1137 municipali

201 1146 498 1213 adultero
543 1146 867 1230 foedabat,
911 1152 987 1211 ut
1029 1168 1149 1231 pro
1195 1146 1490 1211 honestis
1527 1147 1594 1210 et
1629 1134 2077 1230 praesentibus
2123 1142 2452 1227 flagitiosa
2490 1143 2557 1206 et

198 1236 453 1301 incerta
499 1238 923 1319 exspectaret.
995 1235 1275 1300 sumitur
1310 1236 1381 1299 in
1414 1234 1883 1300 conscientiam
1919 1232 2271 1312 Eudemus,
2310 1231 2556 1296 amicus

201 1346 277 1389 ac
323 1324 612 1389 medicus
659 1323 903 1408 Liviae,
948 1325 1160 1409 specie
1209 1324 1372 1388 artis
1417 1323 1727 1407 frequens
1775 1323 2056 1387 secretis.
2127 1321 2316 1405 pellit
2361 1320 2556 1385 domo

201 1412 477 1478 Seianus
522 1435 794 1479 uxorem
839 1412 1217 1497 Apicatam,
1273 1435 1351 1478 ex
1398 1434 1527 1496 qua
1581 1414 1719 1476 tres
1774 1412 2018 1476 liberos
2075 1410 2420 1496 genuerat,
2475 1429 2556 1471 ne

197 1503 441 1586 paelici
486 1504 981 1585 suspectaretur.
1073 1501 1188 1566 sed
1236 1500 1619 1586 magnitudo
1666 1500 1975 1566 facinoris
2020 1502 2297 1582 metum,
2341 1497 2558 1582 prola—

197 1592 443 1675 tiones,
490 1591 745 1656 diversa
788 1590 1116 1656 interdum
1162 1590 1437 1655 consilia
1484 1589 1837 1654 adferebat.

383 1679 657 1744 Interim
694 1680 846 1744 anni
885 1679 1209 1763 principio
1248 1677 1498 1743 Drusus
1538 1700 1617 1743 ex
1654 1676 2024 1743 Germanici
2058 1675 2284 1741 liberis
2330 1677 2558 1759 togam
2595 1680 2640 1742 4

198 1768 466 1834 virilem
512 1768 810 1852 sumpsit,
855 1788 1147 1852 quaeque
1191 1766 1385 1832 fratri
1428 1766 1566 1832 eius
1603 1765 1852 1832 Neroni
1890 1766 2262 1831 decreverat
2297 1766 2559 1829 senatus

200 1858 505 1941 repetita.
583 1857 832 1921 addidit
876 1857 1241 1927 orationem
1287 1855 1548 1939 Caesar,
1593 1855 1802 1921 multa
1847 1877 1995 1921 cum
2041 1853 2226 1919 laude
2270 1852 2395 1917 filii
2442 1851 2561 1933 sui,

203 1946 381 2030 quod
429 1945 644 2030 patria
689 1946 1141 2011 benevolentia
1187 1946 1256 2010 in
1302 1944 1524 2010 fratris
1560 1945 1801 2010 liberos
1838 1943 2023 2009 foret.
2096 1963 2253 2008 nam
2290 1939 2561 2018 Drusus,

201 2057 606 2120 quamquam
671 2034 942 2099 arduum
998 2035 1088 2098 sit
1142 2034 1367 2099 eodem
1424 2033 1555 2099 loci
1610 2034 1971 2117 potentiam
2027 2035 2094 2096 et
2148 2029 2558 2096 concordiam
2599 2048 2633 2097 5

202 2144 366 2209 esse,
419 2145 661 2207 aequus
710 2123 1232 2188 adulescentibus
1281 2125 1397 2187 aut
1443 2125 1616 2186 certe
1652 2144 1785 2186 non
1824 2121 2130 2187 adversus
2175 2117 2564 2183 habebatur.

200 2213 356 2276 exin
407 2216 593 2276 vetus
642 2216 707 2277 et
751 2233 944 2295 saepe
992 2211 1373 2277 simulatum
1409 2209 1916 2296 proficiscendi
1897 2232 1968 2274 111
2001 2206 2370 2293 provincias
2409 2226 2561 2270 con-

204 2302 430 2367 silium
466 2299 761 2368 refertur.
825 2299 1305 2366 multitudinem
1342 2305 1795 2366 veteranorum
1831 2297 2251 2384 praetexebat
2286 2295 2562 2380 impera-

207 2491 544 2549 Substantiv
571 2493 709 2563 (via)
735 2492 841 2546 mit
868 2491 1052 2547 einem
1079 2491 1329 2547 Infinitiv

205 2566 499 2635 (incipere)
537 2562 903 2618 koordiniert.

1513 2496 1598 2545 17.
1644 2493 1862 2547 secretis
1906 2489 1986 2545 ist
2032 2489 2230 2557 Dativ,
2278 2488 2379 2543 der
2426 2485 2564 2541 811111

1441 2562 1588 2617 also.
1654 2578 1812 2631 saepe
1866 2563 2061 2616 aderat
2112 2560 2331 2613 seeretis
2385 2556 2561 2625 „teil-

275 2641 329 2691 5.
380 2622 533 2689 Uber
578 2636 857 2704 inpatiens
902 2632 1011 2688 mit
1056 2634 1184 2688 dem
1225 2632 1331 2688 Ge·
1437 2633 1721 2687 nehmend
1760 2635 1868 2686 an“
1943 2629 2072 2702 Vgl.
2102 2628 2235 2685 11181.
2266 2635 2318 2697 4,
2348 2634 2415 2684 69
2452 2629 2565 2695 fre-

197 2706 364 2761 netiv
395 2724 442 2760 8.
468 2724 539 2759 zu
565 2711 617 2773 2,
647 2712 732 2760 64.
773 2736 844 2746 -
882 2706 1069 2760 animo
1105 2720 1331 2760 commo-

199 2780 330 2833 tior.
409 2777 487 2830 Er
521 2794 639 2831 war
684 2775 1176 2831 leidenschaftlich
1214 2776 1330 2829 und

199 2849 334 2917 1011,
377 2848 495 2918 vgl.
535 2855 583 2915 1,
612 2852 681 2902 29
710 2852 1031 2915 promptum
1067 2848 1142 2902 ad
1178 2863 1331 2915 aspe-

198 2921 365 2976 riou-a
393 2921 676 2989 inqeniam
694 2918 884 2973 Druso
912 2922 1048 2974 erat.
1089 2923 1155 2972 76
1175 2918 1331 2972 Dra-

200 3007 297 3047 sus
337 2992 647 3060 praesedit,
695 3006 1025 3059 quamquam
1069 2990 1171 3044 vili
1204 3004 1333 3043 san·

198 3061 996 3188 gugneffingifflgfflpauch
1029 3147 1141 3186 von
1170 3147 1336 3200 prae-

207 3205 402 3260 cellere
438 3222 481 3261 s.
510 3221 579 3257 zu
614 3209 667 3269 2,
694 3208 779 3257 43.

284 3281 375 3330 10.
441 3275 713 3329 adulterio
751 3298 819 3319 ==
858 3274 935 3328 ad
983 3274 1335 3339 adulterium,

201 3346 359 3401 nach
370 3345 807 3400 dichterischem
819 3343 855 3397 S
858 3343 1247 3413 prachgebrau
1253 3344 1335 3399 ch.

201 3417 485 3486 Dagegen
520 3416 865 3485 18881180111..
909 3420 995 3485 11,
1028 3420 1093 3469 19
1130 3415 1206 3469 ad
1242 3416 1332 3470 de-

204 3487 479 3543 ditionem
513 3488 837 3556 pellicerent.

280 3564 371 3615 13.
409 3559 735 3613 avunculus.
784 3555 1071 3639 Augustus
1103 3572 1223 3610 war
1247 3553 1339 3609 ihr

209 3627 599 3697 Grossoheim,
634 3627 761 3682 weil
799 3627 923 3682 ihre
962 3626 1339 3682 Grossmutter

207 3699 457 3756 Octavia
493 3700 645 3754 881118
683 3699 998 3754 Schwester
1033 3715 1167 3753 war.

209 3776 386 3898 ..11.
421 3758 1087 3896 1188111111·
1110 3769 1338 3921 11111

209 3917 258 3979 §-
312 3918 412 3981 65,
460 3929 507 3966 c.
562 3943 628 3952 —
684 3912 1033 3980 municipali.
1111 3912 1340 3965 Tacitus

211 3982 451 4052 huldigt
468 3982 595 4037 dem
616 3982 1113 4036 aristokratischen
1130 3981 1339 4036 Vorur-

213 4053 357 4108 teile
384 4053 566 4108 seiner
595 4052 763 4107 Zeit
745 4071 805 4107 111
831 4054 961 4108 dem
991 4051 1184 4119 Masse,
1216 4051 1339 4105 dass

208 4141 273 4180 er
330 4123 440 4180 den
494 4123 759 4178 fruheren
808 4094 1341 4203 Munizipalbtirger,

210 4195 320 4251 der
348 4196 466 4251 also
495 4195 657 4250 nicht
692 4214 787 4250 zur
820 4195 1138 4249 romischen
1166 4192 1341 4249 Nobi-

213 4266 356 4321 litat
391 4267 613 4337 8811611,
648 4266 1081 4337 geringschatzt.

1441 2720 1610 2772 quens
1646 2675 2008 2758 contionibus.
2067 2701 2236 2756 Sonst
2272 2671 2428 2755 steht
2463 2699 2564 2753 das

1440 2774 1609 2829 Wort
1645 2772 1752 2828 mit
1789 2773 1920 2828 dem
1956 2772 2202 2828 Ablativ.

1517 2868 1600 2918 19.
1647 2864 1954 2931 suspectari
1988 2863 2164 2917 alicui
2201 2903 2232 2929 ‚‚
2249 2859 2564 2915 emandem

1442 2934 1774 3003 verdachtig
1808 2933 2089 3001 werden‘ss
2124 2933 2207 2987 als
2280 2930 2434 2987 assiv
2459 2947 2567 2983 nur

1441 3004 1567 3059 hier
1602 3005 1720 3058 und
1756 3004 1852 3059 bei
1888 3004 2173 3074 Apulejus.
2236 3002 2350 3056 Das
2386 3000 2564 3056 Aktiv

1443 3077 1545 3131 hat
1599 3076 1828 3130 Tacitus
1883 3076 2171 3131 1111811-
2224 3073 2387 3128 Nach
2435 3072 2566 3124 dem

1444 3146 1640 3201 Sturze
1678 3148 1776 3200 des
1807 3146 1977 3217 Sejan
2013 3147 2150 3201 kam
2185 3146 2331 3200 auch
2358 3141 2568 3198 Livilla

1442 3235 1564 3285 um,
1612 3218 1893 3271 entweder
1939 3217 2116 3271 durch
2165 3216 2362 3296 8188118
2397 3212 2565 3267 Hand

1447 3289 1585 3344 oder
1629 3287 1730 3342 auf
1760 3288 1959 3342 Befehl
2001 3288 2099 3343 des
2136 3284 2390 3342 Tiberius
2429 3285 2567 3339 oder

1447 3360 1529 3413 818
1573 3360 1728 3413 ward
1772 3376 1883 3413 von
1930 3359 2095 3413 111181·
2128 3357 2340 3412 Mutter
2384 3355 2565 3409 durch

1446 3430 1678 3499 Hunger
1714 3431 1950 3498 getetet.
2016 3428 2124 3484 Dio
2162 3433 2250 3498 58,
2281 3433 2366 3482 11.

1516 3518 1574 3575 4.
1621 3524 1670 3574 3.
1719 3519 1969 3587 repetita,
2006 3516 2255 3572 namlich
2291 3516 2382 3571 die
2421 3515 2569 3582 Qua·

1446 3591 1565 3645 stur
1601 3591 1715 3643 und
1754 3590 1855 3643 das
1891 3588 2214 3643 Pontifikat.
2281 3593 2333 3655 3,
2362 3589 2461 3659 294

1518 3684 1567 3733 ὅ.
1606 3679 1785 3733 eodem
1823 3679 1929 3733 loci
1967 3676 2072 3731 wie
2109 3694 2168 3733 eo
2205 3677 2312 3733 loci
2350 3681 2444 3743 14,
2482 3680 2567 3732 61.

1449 3755 1534 3819 15,
1572 3755 1656 3804 74.
1734 3748 1935 3804 Beides
1980 3749 2082 3803 hat
2128 3750 2299 3804 sehon
2346 3747 2567 3813 01881ος

1447 3820 1676 3875 ahnlich
1733 3818 1857 3875 Val.
1915 3807 2219 3874 Maximus.
2291 3820 2391 3875 hoe
2453 3818 2569 3872 und

1447 3892 1683 3961 quodam
1719 3892 1839 3946 loci.

1523 3977 1572 4028 7.
1618 3987 1802 4040 saepe,
1840 3989 1884 4023 z.
1914 3968 1977 4025 B.
2006 3967 2067 4025 111
2106 3970 2213 4025 den
2250 3968 2460 4023 Jahren
2501 3971 2569 4021 14

1449 4043 1565 4097 und
1601 4049 1687 4098 21.

1521 4127 1571 4177 8.
1639 4122 1900 4188 referre,
1905 4121 2228 4188 ,“emeuern
2277 4118 2381 4173 wie
2420 4124 2471 4188 1,
2498 4123 2570 4172 24

1450 4194 1660 4249 easdem
1678 4198 1826 4246 artes
1843 4162 2093 4247 Diusum
2111 4190 2372 4284 retulisse.
2410 4175 2570 4241 Α1111-

1449 4263 1566 4318 11011
1602 4262 1694 4319 bei
1729 4261 1939 4316 Cicero.

2596 1161 2666 1211 15

2596 1605 2668 1654 20
