2867 4625
976 81 1197 137 LIBER
1231 82 1329 140 111.
1389 82 1544 140 CAP.
1574 88 1803 139 55—56.
2452 87 2584 152 183

235 245 665 310 offensionum
720 244 995 311 avidum.
1089 266 1249 328 quas
1304 266 1452 310 cum
1507 268 1736 331 graves
1785 250 1852 312 et
1896 248 2279 333 plerumque
2324 249 2584 333 iniquas

232 355 348 417 pro
401 355 476 399 re
527 333 790 418 publica
845 333 1225 417 suscipiam,
1289 335 1516 400 inanes
1573 337 1640 400 et
1691 336 1924 401 inritas
1981 358 2191 423 neque
2247 336 2411 402 mihi
2471 341 2587 403 aut

234 422 416 488 vobis
466 423 615 487 usui
660 422 916 488 futuras
961 422 1101 488 iure
1146 422 1498 508 deprecor?

424 510 685 576 Auditis
759 509 1057 576 Caesaris
1129 512 1367 576 litteris
1440 512 1712 578 remissa
1786 512 2101 579 aedilibus
2175 513 2330 579 talis
2404 535 2584 600 cura,
2603 514 2694 581 55

230 600 546 700 luxusque
592 622 882 685 mensae,
939 622 979 664 a
1023 601 1152 664 fine
1199 599 1454 665 Actiaci
1507 601 1665 666 belli
1719 601 1800 666 ad
1856 623 1933 666 ea
1989 624 2198 687 arma,
2253 601 2396 686 quis
2444 602 2590 667 Ser-

231 689 370 753 vius
440 688 654 753 Galba
715 710 931 754 rerum
997 688 1268 772 adeptus
1332 693 1458 769 est,
1520 711 1638 774 per
1703 712 1909 756 annos
1973 695 2233 757 centum
2295 690 2583 775 profusis

228 778 598 861 sumptibus
645 778 910 844 exerciti
954 777 1271 862 paulatim
1318 740 1666 843 exolevere.
1739 800 1971 844 causas
2009 780 2148 844 eius
2196 779 2582 844 mutationis

227 887 534 949 quaerere
589 866 769 931 libet.
860 866 1023 930 dites
1081 867 1238 931 olim
1293 866 1584 932 familiae
1645 868 1967 932 nobilium
2027 871 2142 933 aut
2200 867 2583 933 claritudine
2620 884 2655 934 5

227 955 519 1040 insignes
568 954 782 1020 studio
831 954 1355 1041 magnificentiae
1391 956 1920 1041 prolabebantur.
1993 977 2147 1021 nam
2194 957 2393 1021 etiam
2438 960 2583 1021 tum

225 1042 485 1125 plebem
533 1043 744 1109 socios
790 1065 994 1130 regna
1040 1045 1251 1109 colere
1298 1047 1366 1109 et
1409 1045 1536 1110 coli
1580 1044 1861 1128 licitum3
1908 1048 1982 1109 ut
2027 1045 2297 1129 quisque
2345 1045 2581 1129 opibus

229 1131 418 1196 domo
485 1135 722 1217 paratu
786 1134 1150 1216 speciosus,
1221 1155 1339 1216 per
1410 1154 1650 1198 nomen
1715 1137 1780 1197 et
1845 1133 2182 1198 clientelas
2244 1132 2583 1197 inlustrior

225 1219 611 1286 habebatur.
701 1224 1052 1305 postquam
1109 1221 1412 1287 caedibus
1460 1222 1779 1287 saevitum
1827 1226 1893 1287 et
1937 1221 2318 1307 magnitudo
2366 1221 2582 1286 famae

226 1309 423 1374 exitio
485 1313 652 1392 erat,
711 1311 906 1374 ceteri
963 1310 1043 1375 ad
1100 1310 1500 1395 sapientiora
1546 1314 1938 1376 convertere.
2032 1310 2226 1375 simul
2272 1309 2425 1374 novi
2469 1310 2584 1374 ho·
2622 1326 2691 1376 ιο

226 1398 434 1462 mines
486 1421 519 1461 e
567 1399 939 1485 municipiis
989 1402 1055 1465 et
1099 1400 1376 1463 coloniis
1424 1403 1619 1484 atque
1667 1399 1864 1463 etiam
1902 1398 2255 1484 provinciis
2291 1397 2363 1462 in
2401 1419 2584 1463 sena-

223 1489 360 1550 tum
408 1486 638 1552 crebro
688 1487 1020 1572 adsumpti
1075 1487 1498 1553 domesticam
1553 1488 2018 1571 parsimoniam
2073 1487 2459 1571 intulerunt,
2515 1489 2583 1550 et

225 1597 622 1659 quamquam
660 1576 924 1641 fortuna
962 1576 1065 1641 vel
1100 1576 1421 1642 industria
1458 1576 1753 1662 plerique
1790 1576 2209 1660 pecuniosam
2248 1574 2329 1640 ad
2369 1538 2584 1640 senec-

222 1667 353 1727 tam
403 1664 839 1747 pervenirent,
886 1665 1129 1729 mansit
1173 1670 1394 1729 tamen
1441 1665 1620 1750 prior
1666 1664 1940 1730 animus.
2035 1665 2147 1730 sed
2194 1663 2581 1766 praecipuus

225 1752 520 1816 adstricti
584 1753 783 1818 moris
849 1756 1075 1817 auctor
1130 1751 1575 1839 Vespasianus
1639 1753 1796 1838 fuit,
1860 1754 2128 1838 antiquo
2194 1752 2334 1837 ipse
2399 1753 2580 1817 cultu
2619 1767 2687 1817 15

223 1841 544 1926 victuque.
636 1841 1019 1927 obsequium
1078 1841 1227 1906 inde
1287 1843 1356 1907 in
1414 1842 1777 1926 principem
1839 1845 1907 1907 et
1963 1841 2332 1907 aemulandi
2392 1863 2580 1906 amor

222 1929 499 1995 validior
553 1951 746 2013 quam
802 1951 1017 2013 poena
1071 1952 1150 1993 ex
1202 1930 1458 2014 legibus
1520 1934 1586 1995 et
1649 1933 1877 1995 metus,
1961 1930 2090 1995 nisi
2151 1929 2321 1995 forte
2379 1930 2576 1994 rebus

225 2019 470 2083 cunctis
511 2019 685 2083 inest
721 2018 983 2101 quidam
1018 2019 1201 2083 velut
1237 2018 1435 2101 orbis,
1474 2021 1546 2084 ut
1584 2039 1775 2103 quem
1803 2018 1885 2083 ad
1914 2018 2176 2083 modum
2205 2021 2577 2103 temporum

224 2105 418 2192 vices,
472 2106 573 2171 ita
618 2128 874 2171 morum
920 2109 1283 2190 vertantur3
1337 2128 1459 2172 nec
1506 2107 1726 2171 omnia
1773 2106 1943 2191 apud
1988 2107 2239 2189 priores
2276 2106 2577 2187 meliora,

226 2195 331 2259 sed
393 2197 634 2259 nostra
694 2217 946 2279 quoque
1012 2199 1193 2260 aetas
1257 2196 1469 2259 multa
1541 2194 1756 2259 laudis
1821 2197 1887 2257 et
1950 2195 2190 2258 artium
2252 2191 2574 2256 imitanda
2611 2208 2684 2258 2ο

224 2284 505 2367 posteris
570 2284 738 2348 tulit.
829 2305 1052 2349 verum
1114 2283 1275 2349 haec
1340 2283 1530 2349 nobis
1593 2285 1664 2349 in
1730 2282 2007 2348 maiores
2074 2280 2432 2347 certamina
2497 2302 2576 2346 ex

224 2372 495 2437 honesto
543 2377 866 2437 maneant.

394 2460 701 2525 Tiberius
749 2461 928 2525 fama
974 2460 1442 2526 moderationis
1488 2463 1708 2545 parta,
1763 2458 1934 2542 quod
1979 2458 2346 2543 ingruentis
2393 2479 2576 2522 accu-
2596 2457 2686 2524 56

227 2552 471 2615 satores
510 2554 925 2634 represserat,
971 2549 1179 2613 mittit
1222 2549 1479 2613 litteras
1517 2547 1598 2613 ad
1637 2549 1952 2629 senatum,
1999 2546 2142 2631 quis
2179 2549 2579 2631 potestatem

224 2638 640 2702 tribuniciam
713 2637 929 2702 Druso
1004 2638 1288 2721 petebat.
1406 2637 1475 2701 id
1548 2636 1785 2701 summi
1856 2635 2108 2720 fastigii
2188 2634 2578 2700 vocabulum

226 2727 564 2811 Augustus
618 2727 933 2811 repperit,
987 2747 1066 2790 ne
1120 2727 1296 2810 regis
1352 2729 1467 2790 aut
1521 2723 1858 2790 dictatoris
1912 2745 2150 2787 nomen
2208 2722 2581 2808 adsumeret

294 2898 390 2955 55.
440 2906 494 2955 2.
543 2917 702 2956 arma
741 2900 883 2954 statt
919 2899 1144 2966 bellum,
1187 2899 1348 2955 nicht

228 2988 327 3025 nur
352 2972 452 3026 bei
481 2970 774 3038 Dichtern,
813 2972 1056 3026 sondern
1080 2969 1205 3027 hier
1229 2970 1348 3025 und

228 3040 298 3096 da
333 3043 512 3098 schon
549 3043 643 3098 bei
681 3041 890 3097 Cicero.

298 3138 347 3187 3.
386 3132 633 3199 adipisci
669 3130 775 3185 mit
811 3131 940 3185 dem
969 3129 1208 3186 Genetiv
1243 3148 1349 3185 nur

229 3200 346 3257 hier
389 3203 511 3256 und
559 3209 618 3270 6,
656 3208 726 3257 45
778 3203 1176 3258 dominationis
1220 3203 1348 3271 api·

227 3279 480 3340 sacretur,
516 3274 664 3327 nach
689 3272 966 3342 Analogie
1002 3289 1114 3327 von
1138 3274 1319 3343 potiri
1325 3294 1348 3341 ;

237 3344 699 3399 wahrscheinlich
756 3345 898 3397 auch
957 3350 1051 3412 12,
1090 3349 1160 3398 30
1216 3345 1348 3398 dwm

230 3415 665 3485 adipiscerentur
698 3416 1110 3469 dominationis.
1179 3412 1349 3469 Sonat

232 3484 320 3540 bei
354 3487 584 3542 keinem
622 3484 1044 3540 Schriftsteller.

300 3579 348 3628 6.
386 3574 824 3643 prolabebantur
870 3573 988 3640 „sie
1033 3572 1245 3642 gingen
1281 3590 1349 3626 zu

234 3645 410 3701 weit“.
487 3644 616 3714 Vgl.
659 3643 772 3699 Cic.
811 3645 885 3698 ad
929 3644 1047 3699 Att.
1091 3649 1150 3713 1,
1191 3649 1274 3713 17,
1313 3648 1346 3697 9

236 3717 531 3784 cupiditate
578 3717 896 3785 prolapsas.
981 3714 1103 3770 Liv.
1141 3720 1239 3781 40,
1276 3720 1346 3768 23

238 3789 532 3855 cupiditate
567 3788 726 3857 requi
751 3787 1070 3856 prolapsu-3.

305 3880 352 3928 8.
389 3862 542 3935 Uber
571 3880 789 3943 parata
827 3891 871 3929 s.
899 3892 970 3928 zu
1007 3890 1092 3943 cp.
1123 3879 1209 3929 52.

306 3968 353 4017 9.
421 3964 693 4018 caedibus.
767 3962 1000 4016 Tacitus
1053 3959 1230 4016 denkt
1279 3979 1351 4016 au

243 4031 328 4086 die
364 4036 583 4103 spatere
620 4031 1091 4102 Regierungszeit
1126 4033 1224 4087 des
1254 4031 1351 4086 Τι-

241 4100 442 4174 berius,
490 4123 564 4160 an
604 4102 888 4174 Caligula,
928 4103 1027 4158 der
1064 4120 1164 4158 aus
1201 4102 1351 4157 Hab-

243 4176 399 4229 sucht
431 4177 703 4242 mordete,
741 4176 857 4229 und
894 4192 969 4229 an
997 4173 1107 4229 den
1135 4174 1351 4229 Thron-

243 4243 549 4318 folgekrieg
585 4264 700 4302 von
737 4251 964 4302 68-70,

1531 2904 1614 2955 15.
1632 2899 1931 2954 adstrictus
1943 2898 2291 2967 „sparsam“;
2311 2896 2373 2950 in
2392 2896 2577 2952 dieser

1455 2970 1792 3039 Bedeutung
1835 2986 1944 3023 nur
1990 2969 2141 3037 hier,
2193 2968 2288 3024 bei
2331 2967 2576 3038 Propera

1455 3041 1574 3095 und
1608 3040 1815 3095 Justin.

1536 3117 1623 3166 21.
1687 3113 1753 3167 in
1805 3112 2039 3166 maiores
2093 3110 2174 3181 (in
2232 3110 2331 3163 der
2385 3108 2578 3163 Hand-

1458 3182 1660 3238 schrift
1694 3181 1841 3236 fehlt
1874 3183 1960 3249 in)
2006 3198 2139 3251 mag
2174 3180 2430 3248 Tacitus,
2479 3180 2619 3252 der*

1458 3271 1625 3323 sogar
1679 3253 1967 3308 dissimilis
2018 3254 2084 3307 in
2138 3254 2375 3321 aliquem
2430 3251 2577 3320 sagt,

1457 3323 1825 3393 geschrieben
1878 3324 2089 3390 haben;
2156 3323 2305 3378 doch
2355 3323 2432 3376 ist
2486 3322 2578 3376 die

1455 3393 1866 3449 Konstruktion
1894 3396 2050 3450 sonst
2074 3393 2420 3448 unbekannt.
2468 3393 2579 3446 Zur

1455 3466 1776 3548 Erklarung
1803 3465 1963 3519 dient
1997 3464 2098 3518 der
2126 3462 2413 3531 Gedanke,
2451 3461 2576 3518 dass

1456 3536 1550 3592 bei
1586 3535 1777 3605 jedem
1813 3535 2139 3591 Wettstreit
2180 3533 2272 3589 ein
2309 3532 2580 3604 gewisser

1458 3605 1609 3661 Grad
1663 3623 1775 3661 von
1829 3604 2173 3660 Animositat
2225 3622 2411 3676 gegen
2467 3606 2581 3660 den

1454 3677 1858 3733 Nebenbuhler
1904 3677 2244 3743 stattfindet,
2290 3693 2408 3730 was
2454 3674 2576 3732 also

1455 3749 1581 3803 hier
1616 3748 1789 3803 durch
1827 3749 1892 3802 in
1926 3747 2254 3803 bezeichnet
2290 3753 2457 3803 ware.

1528 3818 1624 3873 56.
1672 3826 1722 3873 2.
1769 3807 1921 3874 Uber
1966 3818 2058 3873 die
2094 3817 2431 3888 Bedeutung
2477 3818 2579 3872 der

1456 3891 1762 3945 tribwnicia
1799 3895 2041 3958 potestas
2077 3888 2193 3944 u‘nd
2230 3888 2338 3944 den
2375 3888 2580 3942 Unter-

1460 3960 1655 4016 schied
1702 3961 1998 4015 derselben
2032 3978 2146 4016 von
2182 3960 2309 4014 dem
2345 3960 2438 4013 ius
2472 3959 2579 4014 tri-

1459 4033 1741 4088 bwnicium
1778 4050 1821 4086 s.
1850 4050 1917 4085 zu
1956 4038 2005 4099 1,
2035 4036 2084 4087 2.

1529 4109 1580 4159 4.
1645 4103 1934 4173 Auyustus
1992 4074 2155 4154 ’hatte
2217 4097 2370 4154 diese
2432 4115 2578 4154 neue

1457 4174 1671 4228 Wiirde
1708 4189 1800 4226 am
1838 4177 1923 4228 27.
1952 4171 2087 4225 .Ῑιιιιι
2123 4176 2190 4224 23
2227 4187 2280 4224 v.
2313 4169 2440 4224 Chr.
2479 4187 2581 4225 an-

1459 4260 1810 4315 genommen.
