2867 4625
237 533 324 598 35

237 1687 323 1752 36

237 2503 306 2553 10

349 103 479 169 148

998 101 1345 157 CORNELII
1383 100 1632 157 TACITI
1667 98 2062 155 ANNALIUM

349 268 540 350 bant,
601 268 848 352 quanta
900 286 1036 330 non
1091 264 1256 330 alias
1312 264 1692 347 multitude,
1748 266 1815 328 et
1870 263 2085 328 animo
2145 262 2303 328 adeo
2359 262 2585 347 feroci,
2633 266 2693 327 ut

242 372 308 421 10
351 356 658 440 3011111333
715 374 968 440 quoque
1022 357 1224 418 testes
1275 353 1587 419 victoriae
1633 374 1851 418 secum
1896 351 2231 416 traherent
2272 351 2689 436 plaustrisque

352 445 763 530 inponerent,
810 464 975 527 quae
1023 464 1217 526 super
1263 446 1621 507 extremum
1668 440 1986 506 ambitum
2033 440 2246 525 campi
2288 444 2653 523 posuerant.

528 532 857 598 Boudicca
912 553 1103 596 curru
1159 531 1329 596 filias
1375 552 1534 615 prae
1581 553 1651 596 se
1696 530 1967 614 vehens,
2021 533 2095 593 ut
2141 550 2466 613 quamque
2509 529 2697 593 natio-

349 643 499 687 nem
565 624 954 701 accesserat,
1023 619 1290 686 solitum
1355 619 1618 703 quidem
1674 618 2011 684 Britannis
2076 617 2471 682 feminarum
2525 617 2697 682 ductu

350 711 596 775 bellare
658 709 1057 792 testabatur,
1122 709 1235 773 sed
1297 712 1459 774 tunc
1520 730 1654 774 non
1709 711 1785 772 ut
1836 706 2040 771 tantis
2093 706 2451 771 maioribus
2507 710 2699 771 ortam

350 820 626 886 regnum
674 802 741 864 et
786 818 961 882 opes,
1008 819 1233 863 verum
1277 801 1354 862 ut
1396 819 1599 863 unam
1645 818 1680 861 e
1724 797 1925 880 vulgo
1970 795 2343 860 libertatem
2390 795 2697 879 amissam,

282 904 316 953 5
355 888 722 954 confectum
767 886 1145 953 verberibus
1191 907 1446 970 corpus,
1492 889 1962 951 contrectatam
2004 883 2288 948 filiarum
2333 883 2698 967 pudicitiam

352 977 594 1042 ulcisci.
685 998 763 1041 eo
818 979 1162 1060 provectas
1207 974 1653 1047 Romanorum
1711 974 2070 1059 cupid-ines,
2123 977 2200 1043 ut
2243 993 2379 1037 non
2426 993 2700 1056 corpora,

349 1088 432 1131 ne
498 1069 826 1131 senectam
890 1064 1152 1148 quidem
1208 1066 1322 1128 aut
1375 1064 1823 1148 virginitatem
1877 1062 2269 1146 inpollutam
2322 1061 2699 1146 relinquant.

349 1155 574 1220 adesse
633 1158 858 1219 tamen
911 1154 1066 1218 deos
1121 1153 1331 1217 iustae
1388 1152 1738 1217 vindictae:
1803 1151 2111 1216 cecidisse
2165 1149 2500 1234 legionem
2554 1170 2698 1234 quae

244 1271 249 1277 ·
349 1244 671 1327 proelium
719 1263 877 1307 ausa
924 1242 1035 1325 sit3
1085 1245 1330 1307 ceteros
1379 1241 1613 1306 castris
1661 1240 1972 1305 occultari
2016 1242 2132 1304 aut
2175 1238 2406 1323 fugam
2444 1239 2698 1303 circum-

245 1348 312 1397 10
354 1332 617 1417 spicere.
687 1353 771 1395 ne
832 1290 1187 1415 strepitum
1232 1330 1492 1416 quidem
1535 1333 1603 1394 et
1637 1330 1986 1394 clamorem
2021 1331 2124 1393 tot
2159 1327 2437 1410 milium,
2481 1327 2700 1391 nedum

353 1421 635 1505 impetus
684 1423 751 1485 et
795 1441 1029 1485 manus
1075 1419 1459 1503 perlaturos.
1547 1419 1606 1483 si
1649 1418 1870 1502 copias
1918 1420 2337 1518 armatorum,
2382 1416 2442 1480 si
2490 1436 2698 1480 causas

342 1509 499 1574 belli
561 1530 778 1574 secum
844 1507 1311 1593 expenderent,
1376 1507 1768 1573 vincendum
1830 1506 1945 1570 illa
2000 1505 2139 1571 acie
2194 1504 2297 1569 vel
2356 1504 2700 1569 cadendum

343 1619 501 1664 esse.
590 1597 657 1662 id
703 1597 960 1662 mulieri
1006 1597 1429 1682 destinatum3
1478 1596 1771 1662 viverent
1823 1594 1948 1660 viri
1993 1598 2063 1659 et
2107 1593 2446 1659 servirent.
2573 1614 2578 1623 ¹

521 1683 622 1750 Ne
670 1683 1018 1751 Suetonius
1065 1685 1324 1769 quidem
1367 1687 1440 1749 111
1482 1689 1670 1750 tanto
1717 1684 2097 1749 discrimine
2145 1682 2398 1747 silebat.
2490 1702 2698 1766 quam·

344 1796 539 1860 quam
595 1774 948 1840 confideret
992 1775 1247 1858 virtuti,
1301 1779 1524 1838 tamen
1568 1773 2054 1839 exhortationes
2099 1774 2169 1836 et
2212 1791 2439 1856 preces
2488 1771 2695 1834 misce-

344 1863 487 1948 bat,
541 1867 616 1928 ut
659 1865 1042 1947 spernerent
1086 1884 1352 1928 sonores
1396 1863 1824 1927 barbarorum
1873 1864 1940 1925 et
1984 1860 2215 1925 inanes
2264 1859 2508 1924 minas:
2565 1858 2697 1943 plus

343 1951 479 2017 illic
522 1951 910 2017 feminarum
959 1974 1153 2036 quam
1199 1951 1554 2016 iuventutis
1616 1951 1836 2034 aspici.
1926 1948 2204 2014 inbelles
2249 1949 2531 2012 inermes
2579 1968 2697 2011 ces·

272 2058 306 2107 5
345 2063 530 2106 suros
577 2041 826 2124 statim,
886 2041 1000 2105 ubi
1043 2040 1289 2105 ferrum
1342 2040 1782 2125 virtutemque
1835 2038 2233 2104 vincentium
2286 2036 2529 2101 totiens
2583 2034 2699 2099 fusi

345 2130 821 2215 adgnovissent.
914 2130 1115 2194 etiam
1171 2129 1243 2193 in
1287 2129 1512 2194 multis
1563 2127 1929 2214 legionibus
1973 2147 2249 2212 paucoS,
2303 2125 2417 2209 qui
2462 2122 2697 2208 proelia

342 2219 790 2303 profligarent3
837 2218 1211 2304 gloriaeque
1257 2239 1481 2283 eorum
1525 2238 1932 2282 accessurum
1970 2216 2139 2300 quod
2178 2213 2439 2279 modica
2475 2234 2693 2276 manus

342 2307 627 2373 universi
692 2308 1010 2373 exercitus
1067 2307 1311 2372 famam
1367 2305 1896 2392 adipiscerentur.
1999 2303 2277 2370 conferti
2333 2305 2585 2367 tantum
2637 2303 2697 2366 et

343 2396 494 2481 pilis
559 2396 811 2461 emissis
875 2399 1029 2481 post
1086 2395 1486 2464 umbonibus
1552 2398 1620 2459 et
1684 2394 1918 2480 gladiis
1977 2397 2265 2477 stragem
2322 2391 2696 2492 caedemque

343 2485 819 2569 continuarent,
873 2484 1153 2570 praedae
1209 2484 1627 2550 inmemores:
1683 2486 1874 2568 parta
1930 2483 2207 2548 victoria
2261 2482 2495 2545 cuncta
2545 2478 2693 2561 ipsis

344 2714 505 2780 bam,
551 2711 657 2766 wie
705 2728 763 2766 es
815 2716 899 2780 15,
937 2717 970 2765 9
1016 2710 1213 2766 heisst=
1257 2712 1476 2766 hostiles

343 2788 557 2839 turmae
579 2783 835 2838 subiectis
855 2784 1065 2865 campis
1079 2799 1284 2865 magma
1300 2784 1477 2850 specie

344 2855 664 2911 volitabant.
741 2854 909 2909 Sonat
955 2852 1015 2907 in
1053 2853 1266 2908 diesem
1305 2852 1475 2907 Sinne

343 2944 451 2981 nur
485 2924 579 2981 bei
613 2924 802 2995 Virgil
835 2924 953 2980 und.
992 2924 1177 2979 Silius.

420 3020 506 3069 11.
572 3015 811 3069 ambitus
871 3014 932 3067 in
990 3013 1089 3067 der
1146 3011 1477 3082 Bedeutung

348 3085 668 3154 „Umfang“
706 3084 884 3139 findet
911 3083 1032 3138 sich
1061 3085 1178 3136 erst
1205 3083 1314 3137 seit
1340 3081 1477 3136 Cur-

348 3156 486 3222 tius3
528 3172 656 3209 ann.
690 3160 739 3221 1,
768 3161 833 3209 61
875 3158 1060 3208 castra
1096 3154 1208 3208 lato
1245 3154 1474 3208 ambitu.

346 3233 399 3294 4,
437 3230 507 3281 48
553 3230 814 3295 quattuor
857 3226 1018 3279 milia
1054 3240 1326 3292 passuum
1361 3240 1478 3277 am-

350 3298 471 3353 bitu
509 3296 792 3365 amplexus
828 3299 918 3350 est.

419 3474 521 3532 35.
576 3478 626 3529 2.
676 3473 925 3528 accedere
969 3472 1076 3526 mit
1111 3472 1240 3526 dem
1276 3471 1473 3528 Aecus.

351 3565 393 3601 s.
431 3550 623 3612 zul2,
660 3542 1065 3599 3lundEinl.
1105 3548 1153 3609 ἓ
1193 3549 1280 3611 25,
1318 3560 1364 3598 0.

382 3640 468 3689 ’.4
509 3649 739 3703 reynwm
773 3638 826 3688 et
859 3648 986 3701 opes
1022 3634 1162 3687 statt
1197 3634 1475 3687 iacturam

344 3721 502 3790 reym
551 3710 603 3759 et
645 3717 836 3773 opum,
891 3702 1184 3773 3011311313
1227 3720 1339 3758 von
1385 3704 1474 3757 ul-

346 3777 505 3845 eieci,
566 3774 646 3830 ist
697 3775 1009 3844 pragnante
1064 3773 1473 3829 Konetruktion

347 3848 455 3903 wie
501 3853 554 3914 2,
590 3852 661 3901 40
698 3846 954 3915 pericula
1001 3847 1092 3916 (=
1139 3844 1473 3901 societatem

344 3888 743 4001 periculorum)
793 3917 1064 3986 polliceri.
1139 3923 1190 3983 3,
1243 3921 1311 3972 70
1365 3917 1473 3970 rei·

344 3990 603 4058 publicae
645 3989 893 4043 murias
929 3989 1021 4058 (επ
1056 3987 1284 4042 veniam
1328 3985 1472 4041 iniu-

347 4061 583 4129 riarum)
643 4076 712 4114 ‘ne
779 4060 1094 4129 laryiretur.
1183 4058 1345 4112 Doch
1396 4056 1476 4112 ist

351 4131 498 4183 auch
540 4130 817 4199 1110311311,
871 4128 992 4185 dara
1040 4130 1171 4184 Tac.
1218 4128 1320 4182 das
1366 4126 1473 4183 fol·

350 4199 531 4254 dende
584 4202 843 4259 amissam
888 4198 996 4258 mit
1039 4218 1108 4253 zu
1151 4214 1380 4269 remmom
1423 4203 1478 4254 et

351 4283 476 4336 Qec
509 4270 758 4339 bezogen
791 4270 910 4326 hat.

1655 2715 1706 2764 9.
1744 2713 1955 2763 ceteros.
2004 2706 2266 2776 Wier.
2294 2712 2362 2762 37
2395 2706 2691 2776 zeigawar

1584 2780 1679 2835 die
1707 2778 1902 2835 zweite
1928 2778 2145 2847 Legion
2170 2778 2349 2832 durch
2374 2777 2471 2832 die
2498 2773 2692 2831 Schuld

1583 2851 1683 2905 des
1731 2849 2213 2919 Lagerprafekten
2256 2848 2501 2903 Poenius
2545 2845 2690 2901 nicht

1584 2924 1674 2976 ins
1711 2919 1932 2975 Treffen
1969 2920 2224 2989 3.31·1“131111

1661 2997 1743 3047 12.
1773 2978 1926 3046 Uber
1951 2938 2034 3046 3831
2062 2992 2203 3045 statt
2230 2996 2394 3046 ants.
2415 3007 2486 3043 zu
2514 2994 2596 3057 13,
2613 2992 2691 3040 41.

1656 3133 1757 3189 86.
1822 3139 1874 3187 3.
1923 3148 2115 3198 eonor,
2162 3134 2320 3185 sonst
2366 3127 2695 3186 dichteriseh

1584 3206 1698 3259 und
1735 3204 1829 3259 bei
1865 3203 2153 3273 Apulejus,
2190 3203 2292 3256 hat
2329 3202 2465 3257 Tac.
2502 3202 2612 3255 erst
2642 3199 2694 3253 in

1585 3277 1695 3332 den
1728 3274 2012 3329 Annalem
2054 3281 2102 3342 1,
2141 3280 2226 3328 65.
2264 3278 2317 3339 4,
2355 3278 2443 3327 48.

1656 3353 1706 3401 5.
1738 3347 2091 3413 vincentium,
2116 3344 2247 3399 weil
2262 3346 2534 3398 victorum
2551 3338 2695 3397 zwei·

1584 3417 1781 3485 deutig
1816 3420 1984 3484 ware,
2025 3386 2104 3470 is’t
2140 3415 2567 3471 substantiviert
2598 3411 2695 3467 wie

1577 3459 1984 3557 praecipiente-5³⁹
2013 3485 2145 3541 dial.
2184 3489 2271 3541 28.
2338 3486 2697 3554 praesidentes

1582 3576 1718 3614 31111.
1733 3565 1783 3628 3,
1803 3564 1889 3614 40.
1927 3556 2143 3613 Livius:
2168 3558 2415 3627 loyentes,
2436 3557 2697 3617 bellantes,

1581 3631 1892 3695 condentes,

1652 3707 1705 3756 8.
1742 3706 1794 3755 et
1817 3701 1958 3770 pilis
1984 3702 2083 3755 ott.
2112 3698 2221 3754 mit
2246 3699 2376 3753 dem
2404 3695 2694 3767 folgenden

1572 3777 1704 3841 po&
1736 3774 1888 3827 steht
1924 3771 2009 3826 als
2038 3768 2510 3840 unregelmarsige
2536 3768 2697 3821 Para-

1579 3847 1711 3897 taxe
1766 3843 1858 3896 fiir
1911 3848 1963 3896 et
2004 3846 2292 3911 postquam
2332 3841 2463 3910 pila
2506 3837 2696 3894 emicab-

1579 3920 1714 3969 sent.
1770 3914 1907 3969 Also
1929 3912 2230 3995 abundiert
2248 3916 2382 3981 post
2402 3910 2553 3965 meh
2580 3908 2698 3962 dem

1580 3984 2069 4053 Participialsatze
2088 3982 2197 4037 wie
2217 3983 2378 4037 sonet
2392 3980 2546 4037 wohl
2571 3984 2698 4043 tun,

1581 4075 1626 4111 z.
1654 4056 1717 4112 B.
1747 4055 1884 4111 Sall.
1914 4053 2035 4111 Cat.
2065 4060 2131 4109 61
2160 4054 2257 4109 sed
2282 4054 2522 4118 confecto
2546 4064 2696 4121 proe-

1583 4128 1659 4182 lio
1703 4132 1821 4182 tum
1864 4142 1989 4182 vero
2040 4140 2295 4181 cerneres.
2369 4123 2494 4181 Liv.
2541 4129 2589 4190 2,
2633 4125 2693 4174 29

1582 4204 1817 4267 utraque
1848 4214 1909 4253 re
1932 4199 2072 4253 eatis
2097 4200 2324 4264 experta
2350 4199 2468 4251 tum
2494 4194 2694 4250 demum

1585 4270 1828 4325 consules
1864 4269 1963 4323 ctt.
2000 4268 2115 4323 und
2152 4267 2313 4323 oster.

1928 3633 2246 3711 spectante-3.
