2867 4625
936 115 1156 171 LIBER
1192 116 1286 173 XI.
1333 115 1493 172 CAP.
1533 123 1758 173 35—37.
2440 74 2526 184 29

175 285 443 346 coactus
489 284 626 345 tam
673 299 913 365 magna
957 280 1381 364 peccavisset,
1435 280 1601 345 nihil
1645 280 1901 346 referre.
1984 302 2067 346 ne
2115 280 2338 347 Trauli
2391 285 2527 367 qui-

173 370 322 435 dem
370 369 668 434 Montani
714 369 950 455 equitis
986 367 1269 434 Romani
1315 368 1601 434 defensio
1646 372 1908 454 recepta
1954 374 2068 435 est.
2128 371 2187 435 is
2234 372 2531 438 modesta

170 459 468 542 iuventa,
532 457 646 524 sed
701 479 970 543 corpere
1034 458 1310 544 insigni,
1373 458 1617 524 accitus
1672 459 1844 523 ultro
1903 462 2289 545 noctemque
2351 461 2528 526 intra
2568 474 2633 523 10

169 570 371 612 unam
419 570 459 611 a
504 546 857 612 Messalina
899 546 1324 631 proturbatus
1371 549 1533 631 erat,
1577 547 1844 631 paribus
1890 548 2177 613 lasciviis
2225 549 2307 613 ad
2353 552 2527 634 cupi·

173 636 392 702 dinem
439 639 506 701 et
549 635 828 701 fastidia.
896 633 1123 702 Suillio
1163 633 1531 701 Caesonino
1578 639 1644 700 et
1686 635 1945 702 Plautio
1986 632 2312 703 Laterano
2349 661 2526 704 mors

168 726 544 809 remittitur,
587 724 740 791 huic
776 725 860 789 ob
908 724 1125 809 patrui
1162 725 1496 811 egregium
1532 725 1860 789 meritum.
1908 722 2312 791 Caesoninus
2348 727 2526 793 vitiis

169 818 503 903 protectus
533 817 649 899 est,
675 819 1013 898 tamquam
1040 815 1111 878 in
1138 814 1254 879 illo
1283 812 1659 879 foedissimo
1689 817 1879 879 coetu
1905 836 2136 899 passus
2165 816 2527 881 muliebria.

349 897 623 969 Interim
676 903 1029 968 Messalina
1081 901 1482 968 Lucullianis
1535 903 1609 967 in
1660 902 1871 967 hortis
1926 904 2252 986 prolatare
2305 904 2527 988 vitam,
2546 901 2631 966 37

171 1014 556 1077 componere
602 1014 844 1077 preces,
888 992 1205 1057 nonnulla
1243 1013 1356 1076 spe
1394 996 1462 1057 et
1499 991 1844 1076 aliquando
1890 992 2014 1056 ira:
2058 995 2317 1058 tantum
2356 993 2527 1058 inter

167 1085 463 1146 extrema
507 1081 845 1166 superbiae
894 1081 1178 1167 gerebat.
1260 1103 1336 1146 ac
1378 1081 1450 1146 ni
1496 1079 1756 1147 caedem
1802 1080 1940 1145 eius
1985 1078 2332 1147 Narcissus
2378 1103 2525 1165 pro-

168 1171 560 1256 peravisset,
624 1173 909 1235 verterat
968 1170 1288 1255 pernicies
1342 1169 1413 1234 in
1471 1173 1929 1235 accusatorem.
2010 1191 2163 1235 nam
2217 1168 2523 1236 Claudius

170 1260 440 1324 domum
484 1279 817 1346 regressus
865 1262 931 1323 et
974 1258 1404 1362 tempestivis·
1426 1257 1637 1343 epulis
1685 1258 2024 1342 delenituS,
2073 1258 2186 1324 ubi
2228 1259 2381 1325 vino
2428 1260 2524 1325 in·
2564 1274 2595 1323 5

162 1348 398 1432 caluit,
460 1348 543 1413 iri
605 1349 787 1413 iubet
845 1348 1261 1434 nuntiarique
1316 1348 1593 1413 miserae
1648 1345 1803 1433 (hoc
1858 1348 2029 1412 enim
2084 1348 2279 1414 verbo
2334 1370 2526 1414 usum

161 1434 416 1524 ferunt)
483 1436 821 1503 dicendam
879 1438 958 1502 ad
1015 1459 1278 1502 causam
1341 1440 1606 1520 postero
1673 1435 1775 1501 die
1831 1436 2103 1501 adesset.
2185 1437 2355 1522 quod
2410 1438 2527 1503 ubi

164 1526 465 1592 auditum
519 1530 585 1591 et
637 1526 1053 1612 languescere
1107 1526 1233 1610 ira,
1286 1525 1494 1590 redire
1549 1546 1734 1591 amor
1784 1546 1885 1609 ac,
1941 1526 1998 1590 si
2050 1529 2526 1611 cunctarentur,

164 1615 537 1700 propinqua
588 1637 718 1681 nox
775 1617 840 1680 et
901 1615 1113 1681 uxorii
1177 1614 1456 1679 cubiculi
1514 1615 1829 1679 memoria
1889 1614 2313 1700 timebantur,
2375 1638 2523 1700 pro-

162 1705 417 1790 rumpit
469 1703 818 1769 Narcissus
876 1703 1338 1787 denuntiatque
1393 1703 1883 1769 centurionibus
1941 1706 2006 1767 et
2060 1703 2352 1789 tribuno,
2412 1705 2523 1790 qui
2564 1719 2629 1768 10

162 1792 424 1876 aderat,
490 1793 749 1877 exsequi
814 1793 1102 1859 caedem:
1174 1793 1271 1857 ita
1333 1793 1791 1877 imperatorem
1854 1793 2093 1858 iubere.
2176 1796 2394 1860 custos
2459 1797 2526 1858 et

161 1885 436 1948 exactor
482 1903 517 1946 e
562 1882 816 1947 libertis
853 1882 1120 1947 Euodus
1169 1881 1375 1946 datur.
1447 1880 1631 1966 isque
1675 1882 1915 1965 raptim
1959 1882 2027 1946 in
2070 1881 2306 1953 hortos
2343 1904 2525 1967 prae-

164 1991 433 2056 gressus
489 1971 776 2055 repperit
828 1970 1043 2035 fusam
1095 1970 1305 2055 humi,
1368 1969 1703 2035 adsidente
1766 1970 1974 2035 matre
2028 1969 2301 2055 Lepida,
2358 1993 2523 2056 quae

161 2058 429 2136 florenti
472 2060 644 2124 filiae
688 2059 862 2124 haud
902 2081 1166 2125 concors
1203 2059 1521 2144 supremis
1569 2058 1706 2124 eius
1752 2059 2248 2124 necessitatibus
2288 2058 2368 2124 ad
2405 2061 2522 2125 mi-

163 2149 562 2214 serationem
600 2149 808 2214 evicta
844 2152 985 2213 erat
1021 2148 1459 2232 suadebatque
1496 2170 1579 2213 ne
1616 2169 2061 2233 percussorem
2091 2148 2522 2232 opperiretur:
2562 2163 2629 2212 15

158 2237 484 2303 transisse
539 2237 742 2303 vitam
797 2259 1005 2323 neque
1062 2237 1236 2303 aliud
1301 2259 1496 2322 quam
1549 2237 1747 2303 morti
1810 2235 2001 2302 decus
2066 2237 2520 2322 quaerendum.

164 2328 276 2393 sed
326 2328 546 2393 animo
591 2349 708 2412 per
751 2328 1057 2393 libidines
1095 2331 1400 2412 corrupto
1436 2327 1603 2391 nihil
1647 2327 1997 2392 honestum
2041 2326 2283 2411 inerat3
2331 2328 2520 2392 lacri-

162 2438 444 2502 maeque
490 2420 556 2481 et
610 2420 873 2503 questus
929 2416 1111 2481 inriti
1158 2417 1583 2501 ducebantur,
1639 2437 1784 2482 cum
1829 2416 2078 2499 impetu
2122 2416 2521 2481 venientium

159 2506 389 2589 pulsae
437 2506 608 2570 fores
653 2506 1033 2591 adstititque
1077 2505 1378 2570 tribunus
1423 2526 1544 2590 per
1591 2504 1943 2587 silentium,
1991 2508 2060 2569 at
2104 2504 2374 2569 libertus
2419 2504 2518 2569 in-

158 2615 437 2679 crepans
483 2595 709 2660 multis
755 2597 823 2659 et
868 2594 1212 2660 servilibus
1256 2593 1535 2679 probris.
2557 2608 2626 2657 20

236 2863 325 2912 10.
362 2858 535 2913 ima.
593 2843 744 2913 Uber
789 2858 941 2913 diese
981 2857 1150 2913 Form
1191 2856 1291 2912 der
1469 2861 1520 2910 8.
1568 2857 1910 2926 lanquescere
1953 2856 2070 2911 und
2112 2857 2316 2922 redire,
2351 2855 2522 2910 histo-

163 2927 524 2998 Anastrophe
561 2946 602 2983 s.
641 2928 786 2983 Einl.
826 2933 874 2994 ἓ.
914 2934 1034 2998 116,
1072 2944 1120 2983 c.
1397 2927 1583 2982 rische
1618 2927 1896 2982 Infinitive
1931 2927 2011 2982 im
2041 2928 2377 2995 Nebensatz,
2413 2927 2521 2982 wie

234 3022 324 3071 12.
380 3005 538 3071 Uber
587 3016 818 3073 Suillius
874 3037 915 3073 s.
968 3035 1036 3071 zu
1083 3017 1190 3088 Kp.
1240 3023 1291 3084 1,
1401 3004 1455 3064 2,
1493 3004 1528 3052 4
1553 2999 1648 3053 Sed
1681 2999 1782 3053 abi
1815 2999 2073 3083 φίζόἰΐανί
2109 2997 2436 3083 Ανξᾳόαητιε
2472 3003 2523 3053 et

162 3089 303 3143 fiber
338 3086 598 3144 Plautius
635 3106 702 3143 zu
737 3088 842 3159 KP
876 3094 969 3143 30
1387 3085 1600 3138 parum
1625 3070 1862 3124 submdu
1887 3086 1954 3124 m
1979 3070 2262 3124 Armemts
2289 3100 2356 3110 --
2386 3076 2519 3124 erat.

238 3183 326 3233 14.
363 3183 644 3248 tamquam
694 3178 801 3233 mit
846 3178 976 3233 dem
1024 3126 1232 3231 Partici
1211 3194 1288 3245 1,p
1396 3141 1741 3266 {ffb’rgjbtff
1818 3143 2269 3278 “ssgniwtegrwgzet
2312 3142 2522 3196 viscera

164 3264 270 3303 me
313 3254 362 3317 1’
403 3254 453 3305 ⁷
493 3255 544 3319 θ’
582 3255 650 3304 36
687 3249 803 3303 und
841 3249 951 3318 ‘'st'’
988 3248 1161 3303 sehon
1196 3247 1290 3302 bel
1474 3305 1556 3354 10.
1579 3300 1938 3366 denuntiare,
1942 3299 2258 3363 ,δθΐεὶιὶοιι“
2268 3300 2373 3355 mit
2392 3300 2522 3355 dem
2577 3299 2590 3311 ⁶

166 3318 377 3376 Limus
1396 3369 1648 3425 Infinitiv
1673 3389 1778 3424 nur
1805 3371 1929 3426 hier
1954 3371 2070 3425 und
2106 3369 2200 3426 bei
2225 3369 2519 3442 Apulejus.

232 3460 334 3517 37
399 3467 451 3516 2·
516 3478 855 3532 componere,
918 3459 1167 3515 namfich
1229 3458 1291 3513 in
1395 3441 1464 3494 In
1517 3440 1839 3496 demselben
1895 3440 2066 3496 Sinne
2123 3448 2207 3508 16,
2265 3448 2328 3497 11
2396 3459 2522 3527 erqo

163 3531 353 3587 einem
388 3532 549 3588 Brief
580 3550 654 3588 an
692 3533 802 3588 den
838 3532 1051 3587 Kaiser.
1395 3513 1626 3566 ‘'³²⁴th
1670 3514 1832 3581 Pam
1885 3514 2096 3568 abicere
2140 3529 2288 3581 ΒΡΘΜ
2332 3519 2384 3568 et
2435 3515 2540 3568 uti

234 3626 286 3677 3.
316 3636 613 3691 properare
638 3620 699 3675 in
726 3619 1054 3675 transitiver
1070 3618 1288 3675 Bedeu-
1374 3584 1724 3694 ,mmmmm

161 3692 324 3761 tung,
351 3692 458 3747 wie
489 3698 540 3760 1,
568 3696 654 3748 66.
684 3697 736 3758 2,
767 3697 798 3745 6
827 3691 944 3746 und
972 3692 1071 3746 oft.
1107 3691 1286 3746 Eben
1470 3678 1553 3726 12.
1591 3675 1851 3737 exactor,
1857 3671 2295 3737 ,“Vollstrecker
2331 3672 2438 3727 wie
2467 3678 2520 3739 3,

162 3779 227 3817 so
265 3763 551 3830 festinare3
602 3762 768 3818 beide
805 3762 994 3818 Verba
1037 3762 1098 3817 in
1134 3762 1285 3817 dem·
1398 3748 1467 3796 14
1503 3747 1682 3797 ⁰²¹&OE
1724 3742 1898 3796 Saluti
1942 3759 2020 3797 an
2063 3743 2255 3798 mortis
2298 3714 2520 3798 exacto}

164 3833 360 3888 selben
398 3834 568 3889 sinna
604 3834 700 3890 bei
738 3834 1034 3902 Dichtern,
1073 3833 1287 3888 Sallust
1393 3818 1716 3897 κραίνων·
1781 3812 1903 3867 Liv·
1951 3818 2003 3880 2,
2042 3818 2073 3866 ⁵
2123 3819 2344 3870 exactor
2387 3830 2517 3883 sup-

160 3903 281 3957 nnd
317 3886 1569 3975 Spateren.z>1w·2·

237 3999 291 4047 4.
325 4000 557 4050 verterat
582 3994 765 4050 bildct
793 3993 918 4049 cine
944 3979 1556 4077 ungewchn313·
1592 3959 1747 4028 Uber
1780 3971 1996 4043 Lepida
2033 3990 2076 4027 ⁸·
2115 3990 2184 4026 ΖΠ
2218 3972 2325 4042 ΚΡ·
2367 3979 2415 4027 1·

161 4062 317 4119 liche
371 4065 778 4136 Satzstellung,
835 4064 942 4120 wie
1001 4070 1048 4132 1,
1099 4070 1168 4119 23
1223 4064 1288 4118 ni
1469 4067 1554 4119 15.
1592 4063 1778 4118 evicta.
1811 4061 1940 4132 Vgl.
1972 4067 2057 4129 12,
2086 4066 2153 4116 26
2184 4062 2268 4116 his
2296 4062 2515 4118 evictus.

151 4149 388 4204 propere
422 4168 492 4178 -
518 4138 916 4207 pernotuisset‚
961 4108 1114 4191 ha’ud
1147 4136 1286 4189 mul·
1396 4139 1465 4188 49
1511 4134 1673 4189 donis
1722 4134 1839 4188 eius
1892 4134 2109 4191 evictus.
2174 4133 2303 4190 hist.
2356 4139 2407 4201 2,
2447 4140 2516 4189 64

163 4212 285 4260 tum
319 4209 386 4262 ab
423 4209 593 4264 exitio
641 4209 809 4278 leyati
845 4208 1088 4264 aberant.
1154 4206 1283 4261 hist.
1393 4208 1459 4259 in
1493 4206 1761 4275 qaudium
1796 4205 1984 4259 evicta.

162 4282 342 4344 4,18
379 4279 505 4349 Vgl
544 4280 1027 4345 Ein1.§.103,1.
