2867 4625
1012 56 1231 111 LIBER
1267 55 1414 112 XIV.
1482 54 1637 111 GAP.
1676 62 1835 112 4-7,

215 242 434 304 quam
502 222 578 284 ut
641 221 822 286 oneri
878 218 1200 301 cederent,
1267 221 1600 303 protectae
1658 222 1827 285 sunt.
1919 241 2041 285 nec
2096 219 2436 286 dissolutio
2489 242 2602 286 na·
2643 238 2711 287 10

2474 56 2601 122 127

213 308 396 394 vigii
463 308 878 410 sequebatur,
941 307 1227 373 turbatis
1293 308 1594 373 omnibus
1660 311 1726 371 et
1790 308 1962 392 quod
2025 309 2319 394 plerique
2385 309 2603 395 ignari

219 399 437 463 etiam
495 397 823 463 conscios
845 395 1303 481 impediebant.
1403 397 1615 462 visum
1682 396 1917 462 dehinc
1980 398 2335 482 remigibus
2400 419 2603 463 unum

217 486 296 550 in
366 486 543 552 latus
607 486 916 551 inclinare
981 488 1176 570 atque
1238 485 1334 550 ita
1395 507 1632 550 navem
1698 485 2140 572 submergere,
2216 486 2329 551 sed
2395 508 2604 571 neque

219 575 400 658 ipsis
455 579 799 660 promptus
851 575 924 639 in
977 596 1117 639 rem
1173 573 1458 638 subitam
1512 595 1894 659 consensus,
1951 579 2017 661 et
2070 575 2182 640 alii
2232 579 2462 640 contra
2506 577 2605 640 ni-

220 667 452 729 tentes
537 663 768 729 dedere
848 663 1228 728 facultatem
1302 663 1569 728 lenioris
1641 663 1711 728 in
1784 685 1962 728 mare
2033 663 2261 729 iactus.

225 752 629 837 Acerronia,
676 752 1097 855 inprudentia
1141 751 1296 816 dum
1341 773 1412 817 se
1460 750 1893 838 Agrippinam
1942 773 2081 818 esse
2128 757 2353 838 utque
2376 753 2602 818 subve-

225 843 492 907 niretur
536 842 733 906 matri
777 842 1092 925 principis
1139 840 1463 924 clamitat,
1518 841 1727 906 contis
1786 844 1850 906 et
1897 841 2093 906 remis
2140 845 2208 906 et
2253 863 2420 925 quae
2466 842 2603 907 fors

228 931 570 996 obtulerat
632 929 973 995 navalibus
1037 929 1187 994 telis
1252 929 1607 994 conficitur.
1706 928 2078 1013 Agrippina
2142 931 2342 996 silens
2398 952 2603 1015 eoque

229 1020 456 1084 minus
521 1018 788 1103 adgnita
852 1016 1081 1105 (unum
1146 1021 1368 1083 tamen
1432 1019 1670 1083 vulnus
1732 1039 1956 1084 umero
2022 1019 2303 1105 excepit)
2367 1019 2604 1105 nando,

231 1107 474 1174 deinde
531 1129 803 1173 occursu
855 1108 1347 1172 lenunculorum
1402 1105 1751 1173 Lucrinum
1805 1107 1875 1171 in
1921 1108 2134 1172 lacum
2179 1111 2367 1173 vecta
2409 1107 2603 1172 villae
2642 1125 2712 1174 2ο

233 1218 394 1263 suae
443 1196 735 1262 infertur.

417 1284 563 1350 Illic
607 1288 917 1369 reputans
963 1284 1109 1349 ideo
1155 1306 1223 1350 se
1269 1283 1616 1349 fallacibus
1662 1284 1899 1349 litteris
1943 1285 2217 1350 accitam
2255 1289 2322 1350 et
2356 1284 2604 1350 honore
2625 1287 2665 1351 6

231 1375 587 1459 praecipuo
634 1373 957 1458 habitam,
1010 1371 1306 1458 quodque
1350 1372 1511 1438 litus
1557 1372 1742 1437 iuxta
1788 1394 1921 1437 non
1975 1374 2182 1439 ventis
2240 1377 2414 1458 acta,
2468 1395 2604 1439 non

241 1464 418 1529 saxis
466 1463 728 1547 inpulsa
771 1463 957 1528 navis
1005 1484 1259 1527 summa
1306 1461 1406 1527 sui
1450 1465 1638 1545 parte
1684 1461 1886 1526 veluti
1932 1464 2239 1527 terrestre
2275 1461 2604 1527 machina-

237 1555 539 1617 mentum
584 1550 989 1636 concidisset,
1036 1551 1391 1616 observans
1440 1550 1639 1615 etiam
1685 1549 2077 1615 Acerroniae
2123 1573 2365 1634 necem,
2411 1551 2604 1616 simul

238 1662 432 1706 suum
478 1640 713 1705 vulnus
759 1639 1098 1724 aspiciens,
1143 1639 1355 1704 solum
1401 1638 1787 1704 insidiarum
1828 1639 2185 1705 remedium
2222 1662 2362 1705 esse
2398 1641 2606 1719 sensit,
2643 1657 2677 1705 5

240 1729 296 1794 si
340 1750 479 1795 non
524 1729 1085 1815 intellegerentur,
1140 1728 1448 1812 misitque
1495 1728 1798 1793 libertum
1844 1727 2233 1831 Agerinum,
2287 1729 2398 1814 qui
2442 1750 2605 1793 nun-

234 1818 440 1885 tiaret
491 1817 630 1882 filio
684 1818 1093 1902 benignitate
1149 1816 1340 1881 deum
1396 1818 1465 1880 et
1516 1816 1783 1881 fortuna
1829 1817 1966 1881 eius
2014 1818 2296 1883 evasisse
2344 1836 2607 1903 gravem

216 1928 495 1992 casum,
558 1928 745 1972 orare
810 1909 886 1971 ut
947 1905 1244 2007 quamvis
1309 1902 1595 1989 periculo
1661 1906 1888 1970 matris
1954 1907 2300 1971 exterritus
2356 1906 2608 1971 visendi

237 2017 464 2060 curam
523 1994 832 2079 differret3
888 1994 1013 2060 sibi
1069 1993 1150 2059 ad
1205 2015 1513 2078 praesens
1564 1993 1778 2078 quiete
1825 2016 2009 2077 opus.
2103 1997 2299 2080 atque
2344 1995 2607 2059 interim

237 2083 592 2150 securitate
639 2045 948 2148 simulata
992 2082 1421 2148 medicamina
1466 2082 1720 2147 vulneri
1766 2086 1830 2147 et
1874 2083 2167 2148 fomenta
2204 2084 2460 2166 corpori
2498 2083 2714 2150 ad-1o

235 2172 455 2256 hibet3
495 2175 960 2237 testamentum
1003 2171 1387 2237 Acerroniae
1423 2170 1666 2256 requiri
1701 2170 1998 2256 bonaque
2037 2171 2369 2257 obsignari
2404 2171 2606 2257 iubet,

237 2262 310 2328 id
355 2263 616 2327 tantum
659 2282 795 2327 non
838 2282 957 2346 per
1003 2260 1503 2327 simulationem.

424 2350 518 2415 At
569 2349 818 2416 Neroni
879 2351 1144 2415 nuntios
1208 2350 1458 2435 patrati
1520 2349 1829 2415 facinoris
1896 2350 2256 2435 opperienti
2318 2350 2607 2415 adfertur
2630 2352 2666 2416 ‘c'

240 2440 532 2506 evasisse
586 2440 722 2504 ictu
775 2440 903 2505 levi
964 2439 1252 2505 sauciam
1316 2442 1383 2504 et
1445 2439 1760 2504 hactenus
1825 2438 2002 2504 adito
2068 2438 2460 2525 discrimine,
2523 2460 2607 2503 ne

244 2532 477 2595 auctor
530 2527 954 2593 dubitaretur.
1044 2531 1185 2592 tum
1238 2539 1478 2612 pavore
1533 2527 1849 2592 exanimis
1901 2530 1968 2592 et
2015 2527 2147 2593 iam
2192 2527 2451 2612 iamque
2498 2527 2606 2592 ad·

325 2726 408 2775 10.
449 2720 735 2775 dissolutio
772 2721 991 2803 naviyii
1029 2720 1180 2775 steht
1216 2719 1377 2774 nicht

242 2793 308 2847 in
351 2789 754 2875 Widerspruch
807 2791 916 2846 mit
967 2791 1072 2862 Kp.
1121 2797 1153 2846 3
1215 2792 1376 2847 cuius

234 2879 383 2990 {ars
417 2863 539 2932 ipso
573 2864 638 2917 in
656 2863 837 2988 ηιαΤκνί
843 2879 950 2987 fer
975 2863 1372 3002 αἲιξςιηὺεοῖαια,

244 2951 399 3061 ιῗέἒ
424 2932 711 3058 ἶὲἓὲοὲἒῖ
771 2950 1156 3086 aazia&
1172 2950 1202 2987 Θ
1206 2950 1375 3073 ’ψἰἱῗιῗ

248 3093 313 3131 so
349 3079 466 3129 war
503 3073 650 3130 auch
687 3074 786 3131 das
815 3074 1002 3129 Ganze
1018 3074 1187 3129 nicht
1217 3047 1376 3129 mehr

245 3147 366 3203 heil
402 3145 518 3200 und
553 3145 680 3202 fest.

323 3233 408 3282 11.
455 3226 633 3280 Unter
666 3225 859 3295 iynari
893 3224 1046 3279 kann
1082 3242 1217 3281 man
1243 3225 1372 3280 Die·

247 3316 350 3354 ner
395 3297 494 3352 der
537 3295 854 3365 Agrippina
902 3297 1019 3350 und
1066 3297 1211 3352 auch
1259 3296 1373 3351 ein·

248 3369 405 3426 zelne
433 3383 534 3421 aus
563 3368 663 3423 der
679 3366 1035 3421 Mannschaft
1057 3368 1369 3423 verstehen.

250 3439 506 3496 Letztere
560 3454 750 3492 waren
804 3437 964 3493 nicht
1016 3438 1129 3493 alle
1185 3439 1373 3507 einge-

248 3511 450 3578 weiht,
505 3508 636 3564 weil
690 3525 822 3563 man
875 3509 1027 3564 ihrer
1071 3508 1225 3564 Hilfe
1282 3510 1374 3564 bei

252 3584 352 3638 der
404 3553 490 3650 Op
494 3579 712 3635 eration
768 3579 926 3635 nicht
978 3598 1048 3634 zu
1099 3580 1372 3635 bedfirfen

248 3652 481 3736 glaubte
543 3651 660 3705 und
720 3650 852 3705 weil
906 3667 965 3706 es
1020 3653 1232 3706 ratsam
1291 3668 1374 3706 er-

251 3724 459 3793 schien,
489 3723 599 3778 den
617 3722 762 3778 Plan
787 3722 1095 3793 moglichst
1116 3722 1372 3793 wenigen

251 3794 616 3851 mitzuteilen.

326 3881 407 3930 16.
455 3876 586 3930 dimi
618 3872 679 3927 in
706 3874 1080 3944 Anastrophe,
1116 3891 1223 3928 nur
1251 3873 1374 3928 hier

249 3946 346 4003 bei
362 3946 610 4001 Tacitus.
658 3942 879 3999 Andere
898 3944 1376 4015 Konjunktionen,

136 4036 141 4042 ·
252 4018 343 4073 die
399 4035 459 4072 er
512 4017 572 4071 ιιι
629 4014 922 4070 derselben
970 4015 1229 4085 Stellung
1283 4031 1376 4086 ge-

254 4089 521 4154 braucht‚
559 4105 601 4142 s.
639 4087 785 4141 Einl.
826 4092 872 4152 §.
907 4093 1028 4142 117.

324 4231 383 4287 e.
440 4236 490 4285 3.
547 4215 700 4285 Uber
754 4229 865 4284 den
910 4228 1148 4316 Genetiv
1197 4228 1288 4284 sm·
1333 4245 1376 4282 s.

1483 2719 1628 2774 Einl.
1678 2724 1724 2785 ξ.
1756 2724 1841 2776 42.

1483 2790 1726 2846 Lande‘fi

1555 2866 1607 2915 5.
1670 2861 1865 2927 sensit,
1928 2860 2054 2915 eine
2117 2860 2264 2943 Konj
2268 2861 2434 2916 ektur
2498 2878 2609 2916 von
2661 2867 2667 2873 “

1484 2931 1922 3002 Bezzenberger,
1975 2930 2124 2987 fehlt
2165 2932 2224 2986 in
2240 2880 2370 2986 ³der
2417 2932 2607 2986 Hand

1485 3003 1710 3072 schrift,
1757 3003 1911 3056 kann
1958 3002 2094 3057 aber
2137 3002 2298 3059 nicht
2345 3003 2610 3058 entbehrt

1484 3075 1721 3129 werden.

1555 3151 1603 3199 6.
1651 3145 2089 3215 intelleyerentwr
2134 3144 2252 3201 scil.
2293 3145 2534 3200 insidiae
2570 3162 2607 3200 a

1481 3231 1551 3271 se.
1621 3215 1713 3271 Sie
1741 3216 1932 3278 wollte
1962 3215 2081 3271 sich
2109 3216 2226 3271 also
2264 3216 2482 3284 stellen,
2523 3216 2608 3271 als

1483 3288 1556 3355 ob
1594 3286 1673 3341 sie
1710 3286 1917 3342 keinen
1953 3286 2238 3342 Verdacht
2273 3287 2433 3357 hege.

1557 3363 1640 3411 12
1694 3374 1809 3412 non
2015 3359 2429 3413 simulationem.
2513 3356 2605 3413 Sie

1481 3426 1655 3496 weiss,
1697 3426 1817 3482 dass
1856 3428 1935 3482 sie
1973 3446 2070 3482 zur
2096 3428 2271 3483 Erbin
2299 3428 2608 3498 eingesetzt

1480 3498 1584 3568 ist,
1627 3499 1744 3552 und
1789 3496 1912 3553 ihre
1965 3499 2263 3554 Habsucht
2305 3500 2481 3555 treibt
2526 3499 2606 3554 sie

1483 3588 1580 3624 zur
1618 3569 1926 3639 sofortigen
1962 3569 2488 3641 Besitzergreifung.

1558 3658 1612 3714 7.
1664 3664 1713 3712 2.
1752 3659 2014 3713 hactenus
2049 3658 2155 3713 mit
2190 3659 2510 3728 folgendem
2538 3676 2606 3714 ‘ne

1485 3731 1626 3784 statt
1659 3736 1724 3785 ut
1757 3744 1872 3783 non
1905 3728 1983 3783 ist
2019 3724 2117 3784 ἅπ.
2159 3727 2261 3799 εἰρ.
2299 3729 2414 3783 und
2451 3729 2605 3784 kann

1482 3801 1654 3856 kaurn
1684 3800 1859 3854 durch
1876 3798 2155 3869 Analogia
2182 3817 2295 3855 von
2320 3801 2460 3867 fieri,
2486 3801 2606 3867 fore

1481 3888 1552 3927 ne
1588 3872 1801 3927 erklart
1835 3872 2075 3926 werden.

1559 3949 1607 3998 3.
1634 3943 1886 3998 dubitari
1903 3942 1989 3996 als
2008 3940 2388 4011 personliches
2408 3941 2605 3996 Passiv

1485 4014 1594 4077 mit
1638 4015 1818 4071 einem
1867 4012 2194 4069 Substantiv
2238 4012 2323 4067 als
2367 4012 2505 4081 Subj
2510 4011 2606 4067 ekt

1484 4085 1605 4140 ist
1589 4104 1649 4140 ιιι
1675 4087 1850 4140 Prosa
1886 4078 1983 4139 ἅπ.
2025 4082 2123 4154 εἰρ.
2078 4105 2142 4154 ρ.,
2182 4086 2339 4139 sonst
2374 4102 2478 4138 nur
2480 4030 2607 4138 ³bei

1484 4156 1772 4211 Dichtern.
1845 4157 2062 4211 Anders
2110 4155 2221 4211 Cic.
2260 4156 2417 4212 Verr.
2455 4161 2506 4223 2,
2535 4159 2604 4208 22

1486 4229 1631 4297 quod
1668 4229 1918 4284 dubitari
1944 4232 2140 4298 posset.

1891 2749 1957 2759 —
2005 2723 2253 2774 terrestre
2298 2718 2437 2789 „auf
2479 2720 2609 2775 dem

2347 686 2603 730 verum
2644 680 2712 730 15
