2867 4625
904 113 1126 168 LIBER
1156 113 1309 168 XIV.
1376 113 1533 170 CAP.
1573 117 1802 170 52—55.

2406 115 2535 181 159

173 275 424 342 centias
451 278 603 340 tuae
632 276 939 341 adhibere
966 277 1152 360 potui
1181 297 1376 360 quam
1408 276 1641 360 studia,
1668 281 1744 341 ut
1770 277 1863 343 sic
1892 277 2182 362 dixerim,
2208 278 2280 343 in
2304 280 2538 344 umbra

172 364 473 448 educata,
530 368 598 430 et
651 365 888 450 quibus
943 364 1264 431 claritudo
1311 365 1522 449 venit,
1578 365 1752 450 quod
1804 367 2105 433 iuventae
2159 369 2310 431 tuae
2368 366 2539 432 rudi-

169 453 411 518 mentis
450 452 733 518 adfuisse
769 453 1011 537 videor,
1049 454 1291 541 grande
1327 455 1524 519 huius
1551 455 1648 519 rei
1685 454 1984 538 pretium.
2043 458 2115 519 at
2140 459 2214 520 tu
2252 457 2533 541 gratiam
2573 471 2639 520 15

171 543 570 627 inmensam,
622 543 1034 608 innumeram
1087 544 1436 628 pecuniam
1486 543 1989 628 circumdedisti,
2052 544 2214 610 adeo
2272 548 2349 609 ut
2405 546 2540 628 ple-

167 653 446 716 rumque
489 632 666 696 intra
712 654 816 697 me
872 632 1009 716 ipse
1055 633 1339 697 volvam:
1402 653 1639 717 egone,
1696 634 1982 716 equestri
2032 637 2100 696 et
2152 634 2542 717 provinciali

171 721 319 786 loco
348 724 594 805 ‘ortus,
648 722 1026 805 proceribus
1081 721 1366 786 civitatis
1424 721 1859 786 adnumeror‘?
1950 722 2125 787 inter
2167 723 2427 787 nobiles
2475 726 2543 787 et

172 810 380 895 longa
417 809 650 875 decora
694 810 1132 894 praeferentes
1169 810 1428 875 novitas
1469 832 1614 875 mea
1651 810 1928 874 enituit?
1993 810 2107 874 ubi
2146 812 2248 875 est
2283 811 2540 875 animus

168 899 283 963 ille
330 898 602 964 modicis
648 899 1034 964 contentus?
1106 899 1259 963 talis
1314 899 1546 965 hortos
1602 899 1843 963 extruit
1899 903 1967 963 et
2019 920 2138 981 per
2181 898 2343 963 haec
2391 900 2539 965 sub·
2577 912 2649 963 20

169 988 431 1053 urbana
491 987 735 1052 incedit
793 992 861 1052 et
922 988 1125 1052 tantis
1182 1007 1490 1073 agrorum
1555 988 1811 1072 spatiiS,
1872 991 2011 1052 tam
2074 988 2211 1053 lato
2277 987 2541 1053 faenore

173 1077 534 1143 exuberat?
605 1097 738 1142 una
790 1076 1079 1142 defensio
1128 1077 1434 1160 occurrit,
1493 1075 1667 1161 quod
1711 1077 2088 1142 muneribus
2144 1077 2277 1142 tuis
2326 1076 2538 1142 obniti

170 1186 308 1231 non
354 1164 565 1230 debui.

359 1252 487 1319 Sed
529 1258 819 1358 uterque·
847 1276 1221 1320 mensuram
1264 1255 1655 1339 inplevimus
1665 1304 1685 1339 ,
1741 1257 1807 1319 et
1852 1259 1946 1337 tu,
2001 1256 2317 1338 quantum
2365 1254 2538 1338 prin·
2559 1250 2648 1316 54

171 1365 330 1427 ceps
368 1344 655 1409 tribuere
692 1344 900 1409 amico
945 1347 1184 1428 posset,
1230 1347 1298 1408 et
1333 1365 1480 1430 ege,
1523 1346 1838 1427 quantum
1875 1343 2121 1407 amicus
2160 1365 2200 1407 a
2247 1343 2541 1445 principe

171 1433 499 1516 accipere:
545 1434 759 1498 cetera
794 1432 1108 1498 invidiam
1146 1436 1406 1518 augent.
1474 1454 1641 1516 quae
1677 1430 1958 1516 quidem,
2004 1436 2078 1496 ut
2114 1431 2335 1497 omnia
2372 1452 2542 1497 mor-

170 1521 359 1605 talia,
402 1520 576 1586 infra
621 1525 804 1586 tuam
849 1521 1365 1607 magnitudinem
1401 1522 1590 1603 iacet,
1635 1520 1748 1585 sed
1786 1520 1949 1585 mihi
1995 1520 2334 1604 incumbit,
2379 1520 2541 1584 mihi

172 1610 691 1676 subveniendum
739 1615 856 1676 est.
928 1633 1056 1695 quo
1101 1610 1297 1676 modo
1354 1612 1425 1675 in
1471 1610 1709 1675 militia
1755 1613 1870 1674 aut
1920 1609 2027 1674 via
2078 1608 2291 1674 fessus
2340 1608 2540 1673 admi·
2579 1622 2611 1671 5

168 1700 469 1765 niculum
516 1721 795 1783 orarem,
848 1701 944 1765 ita
996 1700 1068 1765 in
1122 1700 1248 1765 hoc
1304 1700 1537 1764 itinere
1593 1700 1766 1772 vitae
1827 1719 2025 1763 senex
2071 1701 2140 1762 et
2192 1698 2540 1763 levissimis

173 1810 438 1873 quoque
476 1788 648 1854 curis
684 1788 896 1873 inpar,
942 1811 1091 1855 cum
1127 1810 1286 1874 opes
1322 1810 1505 1853 meas
1542 1788 1715 1853 ultra
1751 1788 2072 1852 sustinere
2108 1808 2242 1851 non
2278 1787 2543 1870 possim,

171 1877 575 1961 praesidium
603 1882 777 1961 peto.
828 1878 981 1943 iube
1005 1899 1144 1943 rem
1172 1899 1289 1962 per
1316 1881 1776 1961 procuratores
1804 1880 1953 1941 tuos
1983 1875 2445 1959 administrari,
2473 1875 2544 1939 in

169 1971 363 2031 tuam
405 1965 739 2032 fortunam
784 1967 1003 2050 recipi.
1075 1988 1194 2032 nec
1231 1987 1335 2031 me
1380 1967 1453 2030 in
1496 1967 1951 2049 paupertatem
1996 1964 2136 2049 ipse
2183 1963 2544 2047 detrudam,

171 2055 292 2120 sed
326 2054 589 2120 traditis
626 2077 903 2140 quorum
937 2056 1195 2141 fulgore
1230 2055 1700 2140 praestringor,
1746 2052 1917 2137 quod
1961 2054 2276 2135 temporis
2320 2052 2539 2117 horto-
2578 2067 2645 2117 10

172 2166 326 2209 rum
367 2147 482 2208 aut
516 2144 818 2209 villarum
855 2165 1045 2211 curae
1082 2144 1436 2229 seponitur,
1482 2145 1551 2207 in
1591 2144 1879 2207 animum
1915 2142 2249 2207 revocabo.
2319 2162 2538 2224 super-

173 2236 281 2298 est
324 2232 451 2297 tibi
495 2233 693 2298 robur
738 2236 804 2297 et
846 2236 951 2299 tot
994 2254 1112 2318 per
1157 2255 1364 2298 annos
1409 2232 1623 2298 visum
1657 2231 1888 2297 summi
1930 2229 2180 2314 fastigii
2219 2230 2543 2315 regimen.

172 2345 532 2408 possumus
561 2323 847 2388 seniores
875 2323 1067 2389 amici
1095 2324 1379 2407 quietem
1405 2343 1762 2406 reposcere.
1807 2319 1932 2385 hoc
1970 2341 2226 2404 quoque
2264 2318 2337 2383 in
2361 2322 2544 2383 tuam

175 2412 462 2497 gloriam
499 2412 711 2494 cedet,
757 2433 867 2477 eos
906 2413 988 2476 ad
1025 2434 1279 2477 summa
1314 2411 1565 2476 vexisse
1603 2410 1715 2495 qui
1752 2411 1820 2473 et
1854 2408 2109 2473 modica
2143 2407 2542 2473 tolerarent?

358 2501 461 2564 Ad
509 2521 671 2584 quae
718 2498 895 2565 Nero
945 2501 1039 2565 sic
1084 2499 1285 2565 ferme
1330 2498 1697 2583 respondit:
1744 2496 1951 2583 quod
1996 2495 2351 2561 meditatae
2402 2518 2540 2561 ora-
2564 2493 2651 2560 55

174 2588 352 2654 tioni
415 2594 568 2654 tuae
635 2589 859 2653 statim
924 2611 1284 2673 occurram,
1345 2589 1412 2653 id
1476 2588 1756 2673 primum
1819 2586 1918 2650 tui
1972 2585 2257 2650 muneris
2315 2584 2547 2669 habeo,

649 2799 717 2836 zu
780 2780 1001 2836 denken
1062 2781 1155 2836 ist.
1233 2781 1307 2836 So

179 2853 333 2908 oster
366 2854 428 2906 in
464 2853 573 2906 den
609 2853 894 2907 Annalem
943 2857 1028 2920 12,
1064 2857 1134 2906 41
1171 2852 1307 2907 Bri·

178 2925 448 2979 tannicus
480 2925 546 2977 in
570 2929 889 2992 praetexta,
924 2922 1077 2978 Nero
1112 2924 1309 2977 trium·

171 2995 345 3065 phali
403 3000 544 3049 veste
605 2996 833 3049 travecti
892 2998 1039 3049 emit.
1114 3000 1165 3062 3,
1222 2998 1308 3048 62.

183 3073 239 3135 θ’
261 3072 311 3190 14
296 3072 366 3190 ξ’
406 3137 660 3191 adhibere
711 3136 1016 3192 einwirken
1069 3135 1181 3191 auf
1239 3165 1312 3176 -

176 2783 265 2837 im
320 2781 585 2851 Singular

178 3213 249 3262 ut
291 3209 374 3262 sic
418 3209 654 3262 dixerim
697 3210 840 3262 statt
890 3213 957 3262 ut
998 3208 1083 3261 ita
1126 3207 1310 3262 dicam

179 3279 332 3333 auch
369 3278 502 3332 dial.
541 3284 626 3333 84.
666 3284 753 3332 40.
796 3276 982 3332 Germ.
1011 3284 1063 3332 2.
1109 3278 1243 3347 Agr.
1273 3284 1307 3332 3

181 3355 252 3404 ut
304 3349 390 3404 ita
443 3351 694 3405 dixerim.
766 3347 897 3418 Vgl.
942 3348 1088 3403 Einl.
1134 3354 1182 3413 §-
1224 3354 1307 3403 16.

263 3427 348 3475 16.
377 3422 677 3490 pecaniam
710 3420 1129 3475 circumdedisti.
1178 3419 1308 3489 Vgl.

185 3511 257 3547 zu
296 3498 382 3560 12,
422 3498 489 3547 25
526 3492 855 3547 Britannici
880 3492 1187 3560 pueritiam
1221 3506 1309 3545 ro·

187 3565 320 3621 bore
337 3564 712 3618 circumdaret.
725 3592 796 3603 -
806 3563 1160 3631 plerumque,
1165 3561 1311 3629 ‚sehr

187 3634 311 3691 oft“
357 3634 465 3688 wie
502 3639 554 3700 4,
593 3639 679 3688 57.
734 3633 869 3689 dial.
912 3638 978 3687 15
1023 3648 1161 3702 quas
1203 3648 1310 3687 me

189 3722 338 3831 ΜΤ.
341 3705 1161 3858 ‘332922222’3355042335‘12112
1197 3774 1318 3829 sich

193 3848 301 3904 auf
351 3847 444 3902 die
498 3847 667 3916 lange
713 3845 892 3901 Reihe
945 3863 1058 3900 von
1102 3846 1320 3911 Ahnen,

190 3918 410 3974 welche
445 3918 537 3973 die
564 3918 785 3973 Hauser
811 3917 913 3972 der
938 3916 1172 3972 Nobiles
1200 3916 1319 3971 auf-

192 3989 472 4046 zuweisen
508 3987 695 4044 haben
734 3989 1166 4058 (praeferentes).

268 4132 368 4189 54.
418 4140 469 4187 4.
515 4132 672 4199 infra
717 4137 873 4186 tuam
909 4133 1007 4185 ctt.
1053 4131 1106 4185 d.
1144 4131 1199 4185 h.
1246 4130 1325 4184 du

192 4206 384 4260 stehst
418 4222 488 4258 zu
529 4203 705 4270 hoch,
749 4201 836 4257 als
881 4201 1005 4256 dass
1042 4202 1141 4256 der
1176 4201 1324 4256 Neid

191 4275 331 4331 dich
379 4274 664 4330 erreichen
710 4274 947 4343 konnt03
992 4272 1145 4327 mich
1189 4272 1325 4327 aber

1415 2779 1686 2835 erdrfickt
1729 2795 1816 2846 er,
1868 2777 1961 2833 ein
2006 2776 2241 2846 Gefuhl,
2297 2775 2542 2831 welches

1416 2852 1494 2905 du
1529 2849 1692 2905 nicht
1726 2850 1949 2904 kennst.

1494 2944 1544 2994 5.
1581 2954 1689 3008 quo
1724 2938 1883 2993 modo
1921 2967 1987 2978 —
2025 2937 2110 2991 ita
2151 2937 2295 2991 auch
2336 2941 2422 3002 15,
2460 2940 2547 2989 21.

1418 3016 1612 3077 16,16
1651 3027 1704 3064 u.
1743 3009 1907 3066 efter.
1973 3008 2160 3063 Schon
2202 3006 2296 3062 bei
2337 3006 2546 3063 Cicero.

1416 3080 1749 3136 Aufserdem
1795 3080 1901 3134 hat
1944 3079 2174 3134 Tacitus
2231 3093 2339 3147 quo
2387 3079 2547 3133 modo

1419 3183 1488 3192 —-
1524 3153 1606 3208 sic
1654 3158 1707 3221 4,
1744 3157 1832 3207 35.
1882 3155 1966 3220 16,
2006 3156 2091 3204 31.
2145 3148 2278 3204 dial.
2318 3155 2386 3203 36
2431 3148 2548 3203 und

1415 3224 1585 3279 oster.

1491 3317 1576 3366 10.
1596 3310 1984 3381 praestrinyor
2010 3308 2088 3363 ist
2105 3324 2216 3363 neu
2236 3309 2379 3363 statt
2396 3308 2545 3363 oculi

1416 3383 1600 3525 3217}ss
1600 3383 1791 3507 racies
1862 3381 2162 3448 oculorum)
2230 3380 2539 3448 praestrin-

1498 3547 1581 3595 11.
1619 3543 1684 3595 in
1722 3541 1971 3595 animum
2004 3554 2258 3595 revocare
2305 3537 2552 3606 „wieder

1419 3613 1525 3668 auf
1594 3611 1839 3681 geistige
1910 3609 2352 3680 Beschaftigung
2429 3625 2553 3664 ver·

1425 3683 1716 3739 wenden“.

1502 3779 1584 3828 12.
1640 3773 1820 3827 visum
1874 3770 2124 3839 „erlebt“
2186 3770 2306 3824 also
2372 3765 2550 3821 durch

1426 3843 1749 3914 Erfahrung
1784 3842 2008 3897 kennen
2044 3841 2281 3911 gelernt.

1506 3920 1588 3969 14.
1626 3915 1784 3969 cedet.
1832 3912 1963 3983 Vg.1
2002 3912 2154 3966 Curt.
2194 3918 2244 3977 3,
2284 3915 2334 3976 6,
2378 3911 2553 3963 lete·

1428 3987 1655 4041 meritas
1689 3986 1753 4039 in
1787 3985 2022 4054 yloriam
2057 3985 2299 4037 cesserat.
2345 4009 2419 4021 —-
2463 3994 2553 4033 ve-

1428 4059 1554 4112 here
1589 4058 1732 4111 statt
1765 4056 1976 4111 evehere
2011 4053 2146 4108 oder
2173 4050 2477 4122 provehere.

1504 4199 1601 4254 55.
1639 4204 1691 4251 2.
1741 4198 1804 4252 id
1830 4197 2077 4266 primum
2114 4196 2211 4250 ctt.
2259 4192 2395 4262 „das
2430 4208 2555 4249 ver-

1432 4270 1618 4325 danke
1661 4268 1757 4322 ich
1800 4284 1904 4323 vor
1948 4266 2101 4322 allen
2145 4265 2285 4334 dir“,
2341 4262 2555 4335 eigent-
