2867 4625
338 82 424 147 28
982 80 1326 138 CORNELII
1361 80 1601 136 TACITI
1637 80 2035 136 ANNALIUM

229 246 317 311 35
514 244 756 310 Mirum
799 246 970 310 inter
1013 244 1175 310 haec
1219 244 1553 310 silentium
1591 242 1860 327 Claudii,
1905 243 2216 309 Vitellius
2262 244 2494 331 ignaro
2540 267 2687 329 pro-

336 334 505 418 pior:
545 335 762 400 omnia
788 334 1023 400 liberto
1054 333 1505 399 oboediebant.
1559 334 1857 418 patefieri
1887 333 2148 400 domum
2180 333 2453 398 adulteri
2491 339 2688 418 atque

336 424 493 490 illuc
522 423 746 488 deduci
773 423 1233 508 imperatorem
1260 422 1461 488 iubet.
1516 445 1591 489 ac
1626 423 1910 506 primum
1947 421 2018 486 in
2046 422 2366 488 vestibulo
2404 422 2690 508 effigiem

335 513 543 597 patris
573 510 717 577 Silii
759 513 1056 579 consulto
1095 515 1357 577 senatus
1396 512 1711 577 abolitam
1740 512 2161 595 demonstrat,
2197 515 2337 576 tum
2376 511 2693 596 quidquid

266 618 297 666 5
337 603 583 667 avitum
618 599 991 667 Neronibus
1030 604 1098 666 et
1131 600 1363 666 Drusis
1409 601 1479 665 in
1522 601 1805 684 pretium
1849 599 2073 684 probri
2119 600 2409 665 cessisse.
2469 601 2691 665 incen-

336 712 606 777 sumque
645 694 712 755 et
747 691 829 755 ad
866 691 1077 755 minas
1115 694 1560 775 erumpentem
1597 689 1825 755 castris
1861 689 2078 773 infert,
2119 692 2351 773 parata
2387 689 2695 755 contione

333 779 643 863 militum3
701 780 871 864 apud
929 802 1090 864 quos
1128 783 1597 864 praemonente
1643 776 1951 843 Narcisso
2005 798 2216 861 pauca
2263 778 2460 843 verba
2502 778 2693 843 fecit:

334 888 488 932 nam
535 869 660 933 etsi
706 868 953 934 iustum
998 867 1292 935 dolorem
1336 868 1546 952 pudor
1588 866 2000 951 impediebat.
2066 867 2409 931 continuus
2456 866 2693 933 dehinc

335 955 699 1021 cohortium
746 958 992 1023 clamor
1035 958 1302 1022 nomina
1346 977 1606 1021 reorum
1653 960 1719 1020 et
1767 977 2011 1039 poenas
2058 955 2517 1041 flagitantium3
2579 957 2692 1021 ad-

228 1061 295 1110 10
332 1047 676 1130 motusque
715 1043 912 1111 Silius
956 1046 1270 1112 tribunali
1306 1067 1443 1111 non
1484 1044 1942 1128 defensionem,
1986 1066 2121 1110 non
2158 1066 2374 1110 moras
2410 1048 2693 1128 tempta-

332 1133 455 1217 vit,
507 1138 811 1217 precatus
865 1139 940 1200 ut
986 1157 1159 1200 mors
1206 1134 1695 1200 adceleraretur.
1778 1133 1999 1198 eadem
2047 1134 2412 1199 constantia
2466 1138 2532 1198 et
2593 1134 2692 1199 in·

330 1221 570 1288 lustres
618 1224 869 1308 equites
915 1223 1201 1289 Romani
1247 1223 1463 1307 cupidi
1506 1227 1801 1288 maturae
1845 1223 2024 1287 necis
2080 1221 2361 1288 fuerunt.
2442 1222 2692 1287 Tifium

329 1308 694 1393 Proculum,
739 1313 1073 1379 custodem
1110 1334 1150 1376 a
1187 1309 1347 1377 Silio
1386 1311 1777 1377 Messalinae
1814 1312 2036 1376 datum
2077 1316 2145 1376 et
2188 1310 2495 1376 indicium
2531 1311 2693 1377 offe·

330 1403 607 1485 rentem,
661 1399 953 1466 Vettium
1000 1400 1348 1471 Valentem
1404 1400 1770 1466 confessum
1827 1404 1892 1466 et
1939 1398 2324 1484 Pompeium
2368 1398 2691 1465 Urbicum

224 1504 291 1553 15
330 1509 404 1552 ac
461 1487 790 1554 Saufeium
846 1490 1134 1576 Trogum
1189 1512 1266 1555 ex
1322 1490 1597 1556 consciis
1660 1489 1829 1554 tradi
1886 1489 1968 1554 ad
2035 1489 2419 1573 supplicium
2481 1490 2691 1556 iubet.

327 1573 600 1642 Decrius
630 1600 888 1663 quoque
908 1576 1385 1663 Calpurnianus
1411 1579 1688 1664 vigilum
1715 1578 2101 1663 praefectus,
2128 1575 2448 1663 Sulpicius
2467 1577 2687 1644 Rufus

329 1664 465 1729 ludi
490 1672 886 1752 procurator,
912 1665 1150 1734 Iuncus
1177 1667 1598 1754 Vergilianus
1629 1672 1895 1734 senator
1928 1668 2150 1732 eadem
2188 1689 2398 1752 poena
2426 1667 2693 1735 adfecti.

221 1753 307 1818 36
510 1752 700 1819 Solus
747 1754 1035 1821 Mnester
1081 1757 1558 1824 cunctationem
1597 1757 1840 1841 attulit,
1887 1756 2201 1821 dilaniata
2245 1760 2424 1822 veste
2462 1757 2693 1822 clami-

326 1844 472 1906 tans
531 1843 847 1928 aspiceret
899 1846 1240 1911 verberum
1297 1850 1518 1930 notas,
1581 1846 2100 1911 reminisceretur
2152 1846 2358 1931 vocis,
2418 1868 2553 1931 qua
2621 1867 2695 1911 se

327 1930 681 1997 obnoxium
737 1933 930 1999 iussis
977 1934 1369 2000 Messalinae
1427 1935 1731 2000 dedisset:
1789 1935 1934 2000 aliis
1984 1934 2336 2021 largitione
2383 1938 2493 1999 aut
2545 1935 2692 2019 spei

328 2021 795 2106 magnitudine,
833 2023 962 2088 sibi
997 2044 1075 2088 ex
1111 2025 1501 2091 necessitate
1538 2024 1820 2109 culpam3
1858 2045 1977 2089 nec
2012 2024 2312 2108 cuiquam
2350 2027 2498 2088 ante
2537 2046 2686 2108 per-

254 2125 288 2175 5
326 2108 606 2174 eundum
659 2110 889 2196 fuisse,
945 2113 1002 2177 si
1057 2111 1252 2179 Silius
1306 2136 1524 2179 rerum
1578 2115 1926 2197 poteretur.
2009 2117 2405 2179 commotum
2458 2112 2567 2177 his
2625 2117 2694 2177 et

324 2219 605 2280 pronum
665 2200 747 2265 ad
801 2202 1308 2267 misericordiam
1363 2200 1707 2268 Caesarem
1770 2201 2107 2286 perpulere
2160 2202 2381 2267 liberti
2432 2223 2513 2266 ne
2583 2205 2694 2266 tot

324 2285 711 2355 inlustribus
765 2290 921 2357 viris
985 2291 1346 2357 interfectis
1409 2291 1713 2357 histrioni
1769 2291 2238 2358 consuleretur:
2305 2294 2538 2376 sponte
2604 2313 2691 2357 an

393 2533 493 2590 35.
545 2541 591 2591 1.
638 2536 783 2591 inter
828 2537 984 2603 haec,
1046 2537 1299 2606 haufiger
1353 2536 1446 2591 bei

323 2604 516 2660 Livius
574 2605 796 2662 Curtius
834 2608 948 2662 und
978 2607 1204 2677 Sueton,
1241 2608 1317 2662 ist
1351 2607 1446 2663 bei

323 2675 453 2730 Tac.
491 2646 588 2732 ἐπ.
630 2676 729 2746 sio.

394 2752 443 2800 4.
481 2747 597 2802 Der
629 2749 806 2804 Vater
851 2750 949 2804 des
990 2750 1159 2806 Silius
1201 2766 1319 2806 war
1362 2750 1444 2805 im

319 2815 370 2871 J.
401 2823 470 2871 24
499 2835 608 2873 von
641 2819 810 2890 Sejan
838 2822 1149 2892 angeklagt
1172 2820 1290 2876 und
1317 2840 1444 2876 zum

323 2886 672 2945 Selbstmord
716 2891 1024 2961 gettieben.
1074 2924 1141 2933 —
1185 2892 1291 2948 Die
1337 2911 1442 2947 un-

321 2960 715 3028 gewohnliche
737 2962 993 3033 Stellung
1023 2965 1267 3019 consulto
1285 2980 1442 3020 sena·

322 3035 411 3085 tus
448 3030 550 3085 hat
586 3031 731 3085 auch
764 3032 961 3087 Florus
990 3040 1041 3102 3,
1071 3040 1159 3101 21,
1191 3041 1221 3089 7
1250 3035 1363 3089 und
1392 3040 1443 3088 8.

394 3106 442 3154 5.
481 3101 798 3157 Neronibus
833 3109 884 3157 et
909 3103 1136 3171 Drusis,
1173 3104 1445 3160 Claudius

317 3170 392 3224 ist
434 3171 619 3226 Enkel
672 3173 770 3228 des
825 3173 908 3229 Ti.
958 3174 1227 3230 Claudius
1273 3175 1441 3245 Nero,

320 3240 520 3295 dessen
558 3241 856 3298 Gemahlin
891 3244 1054 3300 Livia
1095 3247 1308 3316 (spater
1334 3245 1441 3301 Ge-

318 3311 535 3366 mahlin
573 3313 670 3368 des
697 3312 1006 3385 Augustus)
1045 3316 1168 3373 eine
1197 3316 1443 3373 Tochter

321 3382 420 3437 des
476 3383 551 3439 M.
599 3383 791 3468 Livius
839 3385 1052 3442 Drusus
1099 3387 1440 3444 Claudianus

317 3469 462 3609 322²,
481 3461 1442 3598 13.‡T⁹²1²‚⁰r3³‘1²“2²r<?2'2552{{20⁰‘35²⁸{52

357 3600 554 3650 retiam
592 3598 717 3653 belli
753 3615 1000 3656 cessurae
1034 3609 1207 3658 erant.
1265 3609 1312 3672 1,
1354 3608 1437 3658 70.

363 3666 509 3721 ivius
547 3672 697 3738 sagt:
743 3688 829 3725 res
872 3673 937 3727 in
972 3676 1243 3742 praedam
1280 3675 1436 3730 cedit.

393 3744 439 3792 7.
475 3747 876 3809 praemonente,
913 3745 1269 3800 aoristisches
1305 3744 1439 3799 Par-

315 3808 457 3879 ticip
503 3811 644 3865 statt
691 3812 842 3868 eines
887 3813 1283 3885 Prateritums,
1332 3816 1440 3871 wie

321 3886 404 3948 12,
434 3886 501 3935 69
539 3888 786 3938 monente
816 3886 1110 3954 praefecto.
1149 3892 1219 3942 48
1248 3903 1442 3958 coqne-

313 3967 468 4007 seens
512 3955 800 4022 proditum
847 3956 1237 4013 Mithridatem
1284 3964 1442 4014 vocat

316 4024 624 4080 consilium.
674 4026 801 4081 Und
839 4025 938 4083 oft.
985 4028 1115 4098 Vgl.
1147 4028 1281 4084 Sall.
1308 4029 1437 4099 Jug.

319 4099 420 4147 113
477 4095 606 4151 haec
653 4097 902 4153 Maurus
946 4115 1124 4154 secum
1168 4102 1285 4169 ipse
1339 4101 1441 4155 din

314 4165 532 4247 volvens
567 4170 786 4223 tandem
817 4171 1092 4239 promisit.
1147 4171 1311 4226 Auch
1345 4170 1440 4226 bei

315 4232 501 4304 Virgil
544 4238 659 4292 und
705 4237 893 4296 Livius
938 4241 1107 4298 sowie
1152 4241 1234 4297 im
1283 4241 1440 4298 Grie·

1555 2537 1834 2594 chischen.
1896 2569 1960 2578 —
2016 2537 2315 2593 Narcissus
2378 2537 2503 2591 halt
2561 2537 2687 2592 also

1554 2609 1681 2665 eine
1726 2609 1897 2664 kurze
1933 2609 2257 2679 Ansprache
2296 2626 2369 2664 an
2414 2609 2505 2663 die
2544 2608 2686 2664 Pra-

1550 2679 1822 2746 torianer‚
1864 2680 2011 2735 daun
2047 2680 2146 2735 der
2181 2680 2396 2736 Kaiser.

1627 2757 1708 2806 12.
1757 2741 1907 2807 Uber
1951 2751 2133 2806 Titius
2191 2750 2307 2805 und
2352 2750 2584 2806 Vettius
2640 2769 2684 2807 s.

1552 2840 1622 2876 zu
1666 2823 1772 2891 Kp.
1812 2829 1899 2877 30.
1974 2821 2078 2876 Die
2126 2821 2386 2891 iibrigen,
2446 2820 2541 2876 die
2591 2838 2684 2878 am

1552 2892 1771 2948 Schluss
1816 2893 1915 2948 des
1952 2893 2093 2963 Kap.
2142 2894 2397 2948 erwahnt
2432 2893 2686 2965 werden,

1552 2964 1678 3018 sind
1715 2964 1874 3019 nicht
1908 2963 2176 3020 bekannt.

1625 3041 1709 3090 17.
1751 3037 1872 3091 ludi
1907 3035 2155 3090 namlich
2189 3037 2533 3106 yladiatorii.

1621 3175 1719 3233 86.
1788 3184 1835 3234 1.
1901 3165 2053 3232 Uber
2117 3177 2224 3233 den
2282 3176 2688 3247 Schauspieler

1548 3244 1798 3303 Mnester
1835 3267 1873 3303 s.
1912 3267 1982 3303 zu
2017 3248 2122 3316 ΚΡ.
2162 3254 2213 3302 4.
2262 3279 2330 3289 -
2378 3249 2684 3315 dilaniare,

1550 3322 1706 3374 sonet
1750 3319 2195 3389 ‚,zerfleischen“,
2249 3320 2326 3374 ist
2378 3320 2440 3374 in
2489 3320 2683 3375 dieser

1548 3389 1883 3461 Bedeutung
1910 3385 2008 3447 ἅπ.
2041 3389 2162 3461 sip„
2191 3391 2336 3446 doch
2366 3390 2481 3459 vgl.
2512 3391 2681 3447 Ovid.

1549 3478 1660 3517 am.
1709 3468 1759 3531 3,
1808 3468 1860 3532 9,
1907 3468 1973 3516 52
2040 3464 2334 3518 inornatas
2392 3464 2683 3518 dilaniata

1549 3549 1744 3590 comas.

1622 3610 1671 3660 2.
1726 3606 1889 3660 vocis.
1970 3603 2236 3660 Claudius
2300 3605 2463 3660 hatte
2529 3605 2684 3660 ohne

1547 3676 1668 3745 Arg
1732 3675 1860 3731 dem
1913 3675 2161 3731 Mnester
2214 3676 2508 3743 befohlen,
2581 3676 2685 3731 der

1548 3744 1854 3802 Messalina
1888 3766 1955 3802 zu
2000 3747 2337 3834 gehorchen.
2394 3747 2527 3818 Vgl.
2568 3747 2680 3802 Dio

1551 3822 1635 3882 60,
1683 3822 1751 3871 22
1808 3818 1907 3872 καὶ
1963 3837 2143 3881 ουτως
2198 3815 2460 3881 εἰπόντος
2512 3813 2677 3889 αὐτῷ

1548 3888 1650 3942 τοῦ
1688 3890 1977 3944 Κλαυδίου
2015 3884 2203 3945 πάνθ’
2245 3883 2356 3945 ὅσοι
2392 3882 2467 3944 ἂν
2502 3909 2678 3959 προσ-

1547 3954 1815 4027 adventat
1833 3955 1947 4015 ὑπὸ
1969 3963 2068 4031 τῆς
2086 3964 2450 4052 Μεσσαλίνης
2466 3969 2676 4030 ποιεῖν,

1549 4031 1726 4099 συνῆν
1755 4026 1900 4101 αὐτῇ
1941 4029 2015 4096 ὥς
2041 4032 2141 4088 καὶ
2166 4028 2341 4087 τοῦθ’
2383 4028 2486 4088 υπς’
2528 4030 2678 4090 ἐκεί·

1548 4120 1651 4155 νου
1690 4102 2145 4174 κεκελευσμένος.

1548 4249 1581 4299 3
1625 4178 1707 4299 {6
1722 4176 1996 4231 consulere
2042 4176 2476 4244 ‚,verschonen“.
2540 4175 2672 4246 Vgl.

1586 4286 1601 4314 ,
1710 4287 1722 4300 .
