2867 4625
979 102 1202 159 LIBER
1235 103 1303 160 11.
1379 102 1534 161 OAP.
1564 110 1793 162 ιιι-28.
2438 108 2562 173 111

391 265 529 332 Sub
589 267 760 332 idem
820 270 1081 351 tempus
1142 287 1177 330 e
1236 265 1489 331 familia
1549 265 2036 333 Scriboniorum
2089 267 2254 334 Libo
2312 267 2566 336 Drusus
2585 272 2670 338 27

216 355 508 420 defertur
546 355 763 420 moliri
797 376 901 420 res
937 376 1158 420 novas.
1230 355 1369 420 eius
1404 356 1655 440 negotii
1690 355 1974 439 initium,
2013 356 2333 442 ordinem,
2371 357 2567 425 finem

211 444 502 508 curatius
549 442 884 527 disseram,
923 444 1077 528 quia
1112 448 1254 508 tum
1290 443 1576 527 primum
1613 448 1873 530 reperta
1909 448 2065 511 sunt
2101 467 2267 530 quae
2303 466 2421 531 per
2463 450 2568 513 tot

208 554 418 597 annos
465 553 606 596 rem
654 531 980 617 publicam
1039 532 1324 598 exedere.
1413 531 1701 598 Firmius
1747 531 1950 600 Catus
1997 538 2294 618 senator,
2336 557 2413 601 ex
2468 534 2565 601 in-

205 620 372 685 tima
409 619 684 686 Libonis
725 620 1026 699 amicitia,
1065 620 1363 685 iuvenem
1400 620 1817 705 inprovidum
1856 626 1922 688 et
1954 622 2217 688 facilem
2254 623 2562 689 inanibus
2602 640 2635 690 5

203 709 286 774 ad
334 706 817 775 Chaldaeorum
862 708 1212 795 promissa,
1257 729 1600 795 magorum
1650 732 1859 792 sacra,
1915 711 2319 777 somniorum
2365 713 2564 778 etiam

202 798 601 881 interpretes
646 797 937 883 impulit,
984 797 1136 881 dum
1183 819 1498 881 proavum
1546 798 1945 883 Pompeium,
1992 801 2262 866 amitam
2310 798 2566 867 Scribo·

201 887 425 971 niam,
500 908 664 970 quae
731 886 1056 970 quondam
1116 884 1404 971 Augusti
1469 888 1747 952 coniunx
1819 887 2065 966 fuerat,
2136 889 2562 956 consobrinos

202 973 544 1055 Caesares,
590 976 853 1059 plenam
896 974 1291 1060 imaginibus
1340 975 1605 1041 domum
1653 979 1965 1060 ostentat,
2009 977 2435 1061 hortaturque
2481 978 2562 1043 ad

200 1064 436 1129 luxum
482 1067 552 1128 et
598 1086 709 1128 aes
755 1063 1067 1147 alienum,
1122 1064 1336 1128 socius
1384 1063 1732 1129 libidinum
1777 1068 1844 1129 et
1890 1064 2378 1150 necessitatum,
2434 1088 2561 1150 quo

196 1152 506 1236 pluribus
550 1152 802 1217 indiciis
848 1152 1176 1239 inligaret.

2601 1082 2668 1132 10

387 1239 486 1306 Ut
532 1241 694 1307 satis
739 1240 1007 1306 testium
1063 1244 1129 1305 et
1183 1239 1296 1325 qui
1351 1241 1522 1306 servi
1579 1241 1803 1306 eadem
1857 1245 2205 1306 noscerent
2256 1242 2563 1327 repperit,
2581 1243 2666 1309 28

198 1329 458 1394 aditum
525 1329 607 1394 ad
672 1329 1030 1414 principem
1093 1328 1414 1412 postulat,
1479 1329 1922 1394 demonstrato
1988 1329 2259 1395 crimine
2326 1334 2393 1395 et
2452 1352 2563 1395 reo

196 1439 320 1503 per
357 1417 672 1483 Flaccum
710 1415 1163 1482 Vescularium
1201 1417 1487 1502 equitem
1523 1406 1911 1502 Romanum,
1956 1419 2060 1483 cui
2104 1418 2372 1502 propior
2416 1440 2564 1484 cum

195 1506 470 1571 Tiberio
509 1527 665 1571 usus
703 1508 861 1571 erat.
921 1503 1164 1570 Caesar
1198 1505 1514 1572 indicium
1554 1506 1728 1571 haud
1769 1511 2147 1588 aspernatus
2176 1528 2564 1594 congressus

197 1594 464 1660 abnuit.
520 1616 713 1678 posse
769 1594 943 1659 enim
1000 1593 1227 1658 eodem
1271 1593 1509 1660 Flacco
1564 1595 1967 1660 internuntio
2014 1616 2345 1660 sermones
2391 1617 2562 1663 com·

198 1704 445 1748 meare.
549 1687 742 1767 atque
805 1682 1069 1748 interim
1127 1681 1445 1748 Libonem
1507 1688 1700 1749 ornat
1756 1688 2063 1768 praetura
2076 1734 2095 1768 ,
2160 1683 2562 1750 convictibus

198 1771 507 1856 adhibet,
539 1793 672 1838 non
706 1772 891 1837 vultu
928 1771 1278 1855 alienatus,
1314 1793 1448 1837 non
1485 1772 1702 1837 verbis
1742 1772 2131 1838 commotior
2168 1769 2360 1859 (adeo
2394 1774 2564 1839 iram

2601 1610 2634 1660 5

195 1858 613 1945 condiderat)
645 1863 1002 1944 cunctaque
1032 1860 1168 1925 eius
1201 1859 1375 1925 dicta
1403 1860 1727 1945 factaque,
1762 1882 1909 1927 cum
1946 1860 2293 1945 prohibere
2321 1864 2564 1946 posset,
2599 1930 2610 1942 ‚

199 1949 375 2014 scire
436 1949 753 2033 malebat,
816 1949 1020 2014 donec
1077 1947 1303 2014 Iunius
1371 1948 1663 2032 quidam,
1726 1951 2087 2033 temptatus
2146 1953 2221 2015 ut
2276 1950 2563 2015 infernas

196 2037 479 2102 umbras
534 2036 931 2103 carminibus
989 2038 1278 2119 eliceret,
1332 2038 1416 2103 ad
1471 2036 1837 2102 Fulcinium
1890 2037 2196 2104 Trionem
2250 2037 2564 2104 indicium

199 2209 313 2267 wie
372 2227 460 2279 cp.
512 2214 545 2264 5
599 2215 664 2266 ut
717 2209 1110 2267 Germanicum
1162 2211 1333 2267 suetis

197 2283 518 2407 legionibus
553 2282 903 2339 abstraheret.
1028 2329 1043 2338 .

437 2359 486 2408 1.
550 2352 691 2408 Libo
750 2353 961 2408 Drusus
1022 2353 1099 2407 ist
1154 2351 1331 2408 durch

199 2423 363 2479 seine
413 2422 629 2479 Mutter
678 2422 910 2494 Pompej
914 2441 950 2478 a
999 2423 1183 2479 Enkel
1234 2424 1332 2479 des

201 2495 412 2550 Sextus
439 2495 763 2565 Pompejus,
802 2496 923 2551 also
949 2492 1195 2550 Urenkel
1233 2493 1331 2549 des

198 2564 531 2620 Triumvirn
581 2566 679 2622 Cn.
719 2564 1022 2648 Pompejus
1073 2566 1329 2648 Magnus.

200 2636 531 2706 Scribonia,
587 2635 900 2693 Oktavians
964 2635 1161 2691 zweite
1226 2635 1334 2692 Ge-

199 2707 446 2773 mahlin,
482 2724 601 2761 war
635 2706 808 2762 Libos
846 2705 1187 2764 Grosstante.

274 2784 327 2834 2.
376 2779 624 2846 defertur
658 2778 874 2846 moleri,
909 2776 1018 2833 wie
1055 2783 1106 2845 3,
1136 2783 1204 2833 22
1242 2778 1333 2834 de-

197 2850 387 2917 fertur
425 2850 728 2905 simulasse.
768 2854 926 2916 6,19
966 2850 1210 2916 defertur
1245 2850 1333 2904 in·

197 2925 432 2976 aestas&
481 2921 674 2988 filiam.
751 2924 845 2987 13,
890 2926 959 2974 26
1015 2919 1340 2986 desei-mitur

203 2991 563 3047 consensisse.
610 2988 839 3045 Tacitus
865 2989 1218 3046 konstruiert
1243 2989 1335 3045 die

199 3061 395 3117 Verba
423 3061 778 3130 „Anklagen,
806 3050 1199 3116 Uberfflhren“
1225 3060 1334 3115 mit

198 3133 336 3216 dem
388 3131 664 3199 Infinitiv,
715 3131 984 3187 meistens
1032 3132 1168 3187 aber
1216 3132 1335 3187 erst

197 3204 265 3258 in
317 3203 431 3257 den
466 3172 726 3258 Annasen
770 3202 888 3257 und
923 3221 1051 3257 zum
1085 3201 1210 3257 Teil
1245 3203 1331 3258 als

197 3270 303 3329 ἄιε.
346 3272 635 3344 εἰρημένα.
717 3272 842 3328 Nur
903 3289 1196 3344 coarguere
1255 3273 1335 3328 ist

199 3343 354 3400 auch
401 3343 590 3399 Germ.
629 3350 697 3398 46
751 3344 958 3399 ebenso
1007 3343 1330 3400 behandelt.

199 3414 568 3471 Vorbereitet
602 3415 680 3470 ist
715 3415 835 3469 dies
873 3414 1049 3469 durch
1091 3414 1215 3470 Liv.
1242 3419 1331 3484 45,

205 3492 273 3540 10
302 3487 406 3556 qui
444 3486 651 3541 dixisse
685 3487 822 3556 quid
857 3492 958 3541 aut
1206 3500 1335 3540 con-

198 3558 572 3613 vincerentur.
602 3554 762 3612 Auch
772 3554 966 3611 Cicero
984 3560 1115 3625 sagt
1131 3556 1332 3610 echon.

202 3627 448 3682 Roscius
493 3627 755 3696 arquitur
792 3633 1010 3696 patrem
1056 3627 1331 3682 occidisse.

201 3698 540 3753 insimulant
555 3698 824 3754 hominem
836 3698 1152 3765 fraudandi
1163 3713 1335 3753 causa

203 3770 529 3825 discessisse

274 3846 327 3894 3.
365 3839 626 3895 curatius
651 3840 794 3895 statt
820 3840 1156 3908 accuratius,
1190 3856 1232 3895 s.
1263 3857 1332 3893 zu

206 3914 357 3979 1,1s
395 3927 490 3964 am
529 3909 769 3966 Schlul's.

274 3986 327 4037 4.
367 3980 543 4037 Catus
570 3981 772 4036 ward
752 3997 836 4035 un
854 3980 905 4036 J.
930 3987 1002 4035 24
1025 3978 1333 4050 angeklagt

203 4051 320 4106 und
355 4070 457 4108 aus
487 4052 622 4107 dem
648 4052 853 4107 Senate
882 4050 1192 4123 gestossen,
1230 4066 1333 4106 vor

203 4122 332 4178 dem
380 4122 512 4177 Exi]
560 4123 814 4178 schfitzte
859 4122 962 4177 ihn
1011 4121 1110 4177 der
1154 4122 1329 4176 dank-

203 4192 336 4250 bare
371 4192 590 4249 Kaiser.

272 4270 322 4320 5.
378 4265 642 4322 amicitia
668 4288 737 4311 ¹-
766 4263 937 4319 amici
973 4263 1081 4319 wie
1117 4280 1205 4333 cp.
1235 4266 1330 4332 ⁷⁷3

1441 2209 1543 2266 der
1579 2210 1772 2266 Plural
1810 2211 2016 2267 ebenso
2044 2216 2095 2278 4,
2126 2216 2211 2266 40.
2242 2215 2293 2280 5,
2322 2217 2372 2265 2.
2412 2208 2561 2267 Einl.

1441 2286 1488 2348 §-
1540 2285 1590 2337 2.
1661 2312 1715 2323 -
1779 2282 1968 2349 facilis
2021 2282 2290 2338 inanibus
2346 2281 2560 2352 (Dativ)

1442 2351 1940 2423 ,,16ἰοΙι1;31ἒ,ιιῙιί3“.
1997 2352 2229 2422 Vgl.5,
2272 2358 2337 2406 11
2373 2354 2562 2420 facilis

1441 2395 2138 2550 ὲαροεεεπξεῖῃιῖιιιπὲῖιέἰε.
2161 2454 2295 2549 ᾍ-
2261 2423 2373 2478 Der
2391 2423 2562 2561 Batti-v

1480 2512 1539 2550 es
1612 2513 1677 2550 su
1892 2512 1946 2548 v1
2069 2512 2106 2547 n
2362 2510 2469 2548 neu

1442 2566 1659 2621 fiberall
1712 2565 1841 2620 sehr
1894 2565 2100 2631 selten3
2156 2580 2261 2619 auc
2356 2582 2444 2635 cp.
2479 2536 2560 2636 ‚78’

1431 2652 1597 2706 prom
1636 2641 1726 2691 tus
1758 2636 2044 2704 ferocibus.

1516 2713 1567 2762 6.
1655 2707 1709 2762 ie
1729 2705 2004 2761 Chaldaer
2032 2705 2166 2760 oder
2192 2706 2562 2760 mathematici

1443 2776 1684 2832 wul‘sten
1738 2777 1912 2832 durch
1968 2775 2411 2844 Sterndeuterei,
2467 2775 2561 2832 die

1445 2847 1665 2918 Magier
1710 2848 1886 2902 durch
1926 2846 2194 2902 Zauberei
2243 2847 2348 2902 den
2387 2816 2561 2902 ²Aber-

1445 2919 1692 2989 glaubeu
1718 2918 2115 2974 auszubeuten.
2168 2916 2222 2971 N
2225 2917 2375 2972 och
2358 2936 2418 2972 ιιι
2446 2917 2563 2973 die-

1449 3006 1568 3046 sem
1617 2988 1787 3044 Jahre
1837 2989 2062 3045 werden
2112 2988 2195 3044 sie
2245 2988 2563 3044 vei-trieben

1443 3062 1549 3131 (cp.
1588 3064 1710 3129 32),
1746 3059 1963 3115 kehren
1998 3059 2134 3113 aber
2168 3059 2303 3114 bald
2337 3058 2562 3113 zurfick.

1514 3136 1563 3186 8.
1612 3132 1979 3198 consobrinos,
2014 3128 2265 3185 namlich
2302 3129 2560 3185 Tiberius

1441 3202 1557 3256 und
1587 3202 1687 3256 der
1714 3202 1891 3257 altere
1921 3202 2150 3268 Drusus,
2181 3200 2281 3255 der
2302 3205 2335 3254 9
2360 3219 2408 3255 v.
2430 3200 2559 3255 Chr.

1443 3272 1816 3328 starb.1hre
1852 3272 2066 3326 Mutter
2100 3269 2265 3325 Livia
2305 3287 2425 3326 war
2468 3269 2560 3324 die

1441 3343 1624 3397 Tante
1663 3343 1760 3398 des
1798 3343 1940 3398 Libo
1979 3341 2209 3396 Drusus.

1515 3419 1599 3470 11.
1649 3414 1877 3469 indiciis
1925 3410 2395 3467 wahrscheinlich
2447 3411 2559 3466 Ab·

1441 3484 1600 3551 lativ,
1640 3483 1801 3539 nicht
1836 3484 2023 3538 Dativ.

1514 3554 1611 3610 28.
1654 3560 1958 3610 Lnoscere
1994 3554 2115 3622 „als
2151 3551 2360 3622 richtig
2395 3569 2554 3607 aner·

1440 3626 1680 3694 kennen,
1719 3624 2115 3695 zugestehen‘ss
2153 3623 2300 3679 auch
2339 3629 2423 3692 15,
2461 3629 2558 3692 60,

1441 3696 1621 3751 wofflr
1656 3713 1741 3766 cp.
1772 3701 1843 3750 30
1880 3697 2265 3778 adquoscentes
2299 3711 2493 3751 servos.

1513 3773 1564 3821 3.
1623 3766 1858 3822 Flaccus
1903 3765 2046 3820 wird
2088 3767 2169 3821 im
2213 3765 2264 3823 J.
2313 3770 2380 3820 82
2432 3782 2560 3820 zum

1439 3837 1593 3892 Tode
1630 3836 1941 3892 verurteilt.

1513 3912 1563 3964 5.
1601 3924 1894 3963 commeare
1919 3906 2027 3961 mit
2053 3905 2396 3962 sac'hlichem
2418 3904 2558 3960 Sub·

1431 3978 1595 4048 jekte
1624 3978 1730 4035 wie
1759 3985 1809 4047 4,
1840 3984 1908 4032 41
1948 3980 2163 4034 litterae
2199 3977 2312 4031 und
2341 3974 2453 4030 Cic.
2483 3976 2559 4030 ad

1439 4051 1561 4105 Att.
1591 4054 1642 4117 8,
1672 4055 1723 4119 9,
1751 4056 1786 4104 3
1822 4050 2009 4106 crebro
2043 4049 2201 4104 illius
2236 4048 2451 4102 litterae
2486 4046 2557 4101 ab

1440 4121 1572 4175 aliis
1607 4091 1684 4176 «id
1717 4136 1819 4175 nos
1853 4123 2166 4176 commeant.

1516 4197 1598 4246 10.
1645 4190 1778 4247 Trio
1821 4208 1939 4246 war
1984 4190 2131 4246 auch
2177 4188 2368 4258 spater
2403 4186 2560 4242 einer

1442 4262 1543 4316 der
1570 4261 1957 4317 schlimmsten
1972 4259 2279 4315 Delatoren
2300 4258 2418 4313 und
2436 4260 2559 4313 ent-

2602 2052 2669 2103 10
