2867 4625
892 104 1114 160 LIBER
1148 104 1267 160 XV.
1316 103 1473 160 CAP.
1512 110 1641 160 57—
1657 112 1741 161 60.

159 273 283 334 stra
326 268 653 335 silentium
700 272 766 333 et
821 269 1014 334 fidem
1069 270 1142 334 in
1195 271 1297 333 tot
1350 268 1758 334 consciorum
1804 269 2042 334 animis
2089 272 2156 334 et
2207 271 2489 355 corpori·
2529 289 2599 339 10

2357 107 2490 173 209

160 359 266 423 bus
312 380 594 442 sperare;
641 358 952 424 cruciatui
999 362 1111 422 aut
1155 358 1446 441 praemio
1494 361 1728 423 cuncta
1771 358 1995 442 pervia
2041 380 2200 426 esse.
2265 364 2490 426 ventu-

159 469 254 512 ros
299 447 408 531 qui
451 448 666 531 ipsum
712 469 965 532 quoque
1003 447 1344 530 vincirent,
1387 450 1716 530 postremo
1763 447 2032 532 indigna
2066 470 2222 515 nece
2262 450 2490 515 adfice-

157 539 302 600 rent.

408 540 653 619 quanto
727 536 1113 602 laudabilius
1185 535 1571 620 periturum,
1646 535 1798 600 dum
1870 537 2285 619 amplectitur
2354 561 2493 604 rem

157 625 490 710 publicam,
544 625 699 690 dum
745 627 985 691 auxilia
1029 625 1319 690 libertati
1363 625 1644 690 invocat.
1733 625 1925 690 miles
1974 626 2193 709 potius
2240 628 2497 693 deesset

157 719 215 778 et
253 713 470 798 plebes
517 714 857 799 desereret,
905 716 1058 780 dum
1102 715 1243 798 ipse
1290 713 1662 798 maioribus,
1709 714 1863 778 dum
1907 717 2207 801 posteris,
2255 718 2310 781 si
2356 718 2493 783 vita
2533 733 2600 782 15

156 804 638 887 praeriperetur,
692 809 971 869 mortem
1026 803 1434 887 adprobaret.
1526 804 1811 868 inmotus
1866 803 1970 868 his
2029 807 2096 868 et
2151 806 2493 890 paululum

156 893 217 955 in
273 892 533 975 publico
589 896 913 975 versatuS,
975 895 1129 976 post
1193 892 1368 956 domi
1423 896 1737 976 secretus,
1806 893 2094 957 animum
2153 894 2492 961 adversum

160 1002 440 1065 suprema
484 981 810 1066 firmabat,
857 981 1058 1078 donec
1104 1003 1337 1046 manus
1386 981 1668 1045 militum
1717 981 2066 1065 adveniret,
2112 1004 2275 1067 quos
2313 983 2492 1049 Nero

153 1069 379 1134 tirones
420 1073 533 1135 aut
571 1071 911 1155 stipendiis
951 1075 1241 1136 recentes
1280 1071 1645 1156 delegerat!
1675 1092 1827 1134 nam
1857 1075 2041 1135 vetus
2081 1072 2270 1137 miles
2307 1073 2494 1137 time-

156 1158 327 1223 batur
397 1163 732 1244 tamquam
807 1161 1026 1225 favore
1090 1160 1375 1224 inbutus.
1469 1159 1633 1224 obiit
1708 1158 2001 1243 abruptis
2076 1161 2493 1226 brachiorum
2530 1179 2600 1229 20

157 1248 336 1311 venis.
424 1251 893 1314 testamentum
964 1248 1171 1313 foedis
1241 1248 1550 1313 adversus
1611 1247 1940 1314 Neronem
2009 1249 2493 1316 adulationibus

155 1337 339 1401 amori
392 1338 615 1402 uxoris
675 1336 877 1422 dedit,
935 1360 1128 1423 quam
1183 1338 1568 1422 degenerem
1629 1341 1697 1401 et
1753 1338 1894 1402 sola
1937 1340 2229 1422 corporis
2281 1340 2496 1406 forma

155 1426 648 1490 commendatam
708 1427 902 1491 amici
962 1426 1379 1491 matrimonio
1447 1426 1823 1492 abstulerat.
1913 1449 2151 1492 nomen
2205 1429 2495 1494 mulieris

160 1513 328 1577 Atria
373 1513 595 1597 Galla,
647 1515 852 1598 priori
896 1516 1134 1580 marito
1180 1514 1512 1580 Domitius
1560 1513 1760 1579 Silus:
1815 1515 1921 1580 hic
1981 1517 2327 1601 patientia,
2381 1518 2497 1582 illa

161 1602 531 1686 inpudicitia
577 1603 839 1669 Pisonis
885 1603 1225 1669 infamiam
1268 1625 1729 1690 propagavere.

157 1779 457 1865 adiungit,
521 1780 682 1846 adeo
738 1804 1042 1867 propere,
1097 1785 1169 1846 ut
1224 1804 1358 1846 non
1417 1783 1762 1865 complecti
1818 1783 2085 1866 liberos,
2139 1805 2275 1848 non
2329 1784 2497 1849 illud

158 1866 326 1933 breve
363 1870 596 1934 mortis
634 1870 976 1935 arbitrium
1022 1872 1445 1955 permitteret.
1517 1873 1742 1954 raptus
1790 1871 1860 1934 in
1898 1871 2112 1936 locum
2151 1873 2494 1938 servilibus

158 1958 361 2038 poenis
417 1960 777 2042 sepositum
834 1982 1034 2025 manu
1081 1957 1275 2025 Statii
1329 1960 1580 2024 tribuni
1639 1959 2021 2043 trucidatur,
2076 1961 2303 2044 plenus
2350 1983 2498 2027 con-

162 2048 369 2112 stantis
419 2048 663 2113 silentii
707 2072 827 2115 nec
872 2050 1139 2114 tribuno
1186 2049 1477 2114 obiciens
1526 2047 1795 2113 eandem
1844 2050 2329 2115 conscientiam.

316 2134 622 2222 Sequitur
669 2138 897 2204 caedes
945 2137 1202 2203 Annaei
1249 2136 1557 2221 Senecae,
1602 2137 1962 2202 laetissima
2006 2138 2310 2223 principi,
2364 2160 2499 2204 non

161 2225 296 2306 quia
340 2226 810 2291 coniurationis
858 2227 1275 2292 manifestum
1322 2230 1750 2312 compererat,
1807 2226 1918 2291 sed
1965 2229 2039 2289 ut
2097 2227 2267 2291 ferro
2316 2247 2497 2313 gras-

161 2318 415 2399 saretur,
471 2315 733 2400 quando
780 2339 1095 2382 venenum
1143 2338 1277 2382 non
1332 2320 1752 2400 processerat.
1846 2316 2022 2381 solus
2078 2317 2317 2402 quippe
2363 2317 2427 2383 N
2432 2340 2499 2382 a·

163 2403 292 2467 talis
337 2408 401 2469 et
442 2405 762 2470 hactenus
808 2407 1156 2490 prompsit,
1210 2407 1484 2470 missum
1533 2428 1600 2470 se
1647 2405 1729 2469 ad
1776 2408 2119 2491 aegrotum
2166 2403 2496 2490 Senecam,

163 2491 246 2554 uti
286 2493 524 2558 viseret
560 2499 1187 2579 conquerereturque
1225 2517 1337 2559 cur
1373 2495 1677 2560 Pisonem
1717 2494 1898 2559 aditu
1945 2498 2216 2559 arceret:
2266 2495 2497 2559 melius
2537 2511 2607 2561 10

163 2578 298 2665 fore,
342 2583 397 2648 si
445 2583 804 2648 amicitiam
849 2583 1158 2650 familiari
1206 2604 1561 2667 congressu
1607 2584 2058 2649 exercuissent.
2123 2587 2189 2646 et
2235 2605 2502 2667 respon-

165 2667 315 2734 disse
375 2669 687 2736 Senecam
754 2694 1087 2737 sermones
1153 2678 1413 2737 mutuos
1480 2676 1545 2736 et
1607 2672 1832 2737 crebra
1886 2672 2230 2757 conloquia
2281 2674 2500 2738 neutri

165 2760 525 2845 conducere3
582 2764 866 2826 ceterum
914 2760 1191 2849 salutem
1240 2783 1424 2826 suam
1479 2762 1926 2827 incolumitate
1977 2760 2232 2829 Pisonis
2287 2761 2502 2827 inniti.

164 2843 303 2913 haec
346 2849 515 2915 ferre
563 2849 809 2915 Gavius
850 2849 1152 2916 Silvanus
1196 2850 1495 2915 tribunus
1540 2851 1904 2934 praetoriae
1952 2849 2256 2934 cohortis,
2304 2854 2370 2914 et
2415 2873 2500 2915 an

172 3124 182 3135 .
230 3063 304 3110 13.
349 3061 482 3115 dnm
533 3060 642 3115 mit
696 3061 825 3115 dem
872 3061 1156 3116 Indikativ
1212 3060 1272 3115 in

167 3127 451 3185 mdirekter
489 3131 646 3186 Rede
684 3133 790 3186 wie
834 3138 916 3200 13,
957 3136 1041 3186 15.
1082 3138 1166 3200 14,
1187 3137 1269 3187 58

168 3199 267 3252 und
298 3199 463 3269 δῆθε,
505 3204 623 3257 erst
659 3203 769 3256 seit
803 3202 1008 3258 Livius.
1050 3235 1111 3244 -
1155 3220 1267 3257 am-

163 3269 413 3334 plectitur.
498 3272 610 3329 Cic.
661 3291 715 3342 p.
761 3272 962 3328 Flacco
1015 3280 1081 3330 18
1148 3291 1272 3328 own

167 3354 311 3409 remp.
337 3344 506 3399 nimis
524 3345 948 3412 amplecteretur.
979 3363 1032 3415 p.
1054 3346 1173 3399 Mil.
1199 3350 1268 3399 27

170 3411 313 3537 MT?
348 3416 1270 3556 t'ssssss0022ffi2522.1022‘{⁶“}2”12

294 3527 304 3538 .
1016 3529 1028 3541 .
1149 3530 1163 3555 ‚

170 3556 295 3619 quod
321 3562 376 3613 ei
416 3558 717 3612 Petronius
753 3559 1179 3626 adprobavisset.

235 3631 309 3680 19.
343 3628 636 3697 stipendiis
675 3635 922 3684 recentes.
1001 3630 1052 3684 S.
1102 3648 1169 3683 zu
1220 3636 1269 3697 1,

173 3698 230 3746 41
264 3713 435 3755 recens
471 3700 657 3755 dolore
692 3706 742 3754 et
777 3702 885 3755 ira.

235 3771 311 3824 22.
364 3773 671 3841 deyenerem
732 3774 1048 3837 ‚,entartet“
1115 3772 1165 3827 d.
1213 3772 1268 3825 h.

175 3839 461 3897 unsittlich.
512 3873 580 3882 --
636 3844 756 3896 sola
792 3845 1037 3911 eorporis
1072 3844 1270 3909 foma.

177 3903 293 3964 Sall.
321 3913 477 3968 Catil.
511 3920 580 3969 15
608 3915 768 3967 cuins
787 3920 1010 3982 praeter
1036 3916 1273 3981 formam

176 3980 300 4035 nihil
332 4001 589 4054 mnquam
625 3985 799 4039 bonas
836 3986 1104 4040 laudavit.

238 4057 315 4108 24.
353 4057 657 4124 patientia,
714 4056 843 4110 weil
892 4072 951 4111 er
1007 4057 1087 4111 sie
1143 4056 1272 4111 dem

178 4116 292 4177 Piso
335 4127 602 4197 geduldig
650 4126 937 4194 fiberliess‚
999 4128 1145 4183 ohne
1191 4127 1271 4182 sie

177 4194 305 4247 nach
339 4199 435 4252 der
471 4201 557 4255 lex
585 4199 742 4253 Iulia
779 4200 845 4253 de
879 4200 1170 4254 adulteriis
1206 4217 1273 4252 zu

178 4265 478 4337 verklagen.

274 4364 372 4406 Tac.
399 4367 565 4411 Annal.
593 4372 657 4412 II.

1450 3061 1546 3117 60.
1596 3066 1645 3117 2.
1694 3062 1838 3116 illud
1882 3061 2213 3116 bezeichnet
2256 3061 2356 3116 das
2392 3061 2499 3117 Be-

1377 3132 1590 3186 kannte
1627 3133 1741 3186 und
1790 3132 2008 3187 damals
2051 3132 2357 3202 allgemein
2402 3132 2501 3186 Er·

1378 3203 1600 3274 laubte,
1639 3202 1730 3258 die
1767 3203 1940 3258 Wahl
1976 3204 2078 3258 der
2112 3203 2404 3260 Todesart.

1450 3298 1500 3349 3.
1538 3294 1826 3348 servilibus
1865 3294 2058 3362 poenis
2103 3294 2199 3349 ctt.
2274 3294 2348 3348 Es
2385 3311 2505 3348 war

1377 3363 1502 3418 eine
1546 3364 1894 3419 Richtstatte
1952 3363 2158 3419 estlich
2213 3382 2317 3419 vor
2372 3367 2503 3420 dem

1377 3434 1813 3561 esqfflgschen
1878 3434 2054 3503 Thor,
2121 3437 2266 3491 auch
2332 3443 2383 3505 2,
2432 3443 2501 3492 32

1378 3521 1490 3560 erw
1637 3547 1647 3559 .

1451 3601 1501 3648 6.
1552 3582 1699 3649 Uber
1742 3610 1856 3649 non
1900 3597 2035 3664 qaia
2079 3595 2186 3651 mit
2236 3597 2364 3652 dem
2411 3597 2506 3650 In-

1378 3664 1598 3719 dikativ
1636 3684 1678 3719 s.
1719 3684 1788 3720 zu
1827 3672 1911 3735 13,
1953 3673 2000 3722 1.

1450 3759 1499 3810 9.
1538 3755 1800 3810 haetenus
1855 3773 1995 3824 „nur
2041 3756 2196 3810 dies“
2253 3755 2359 3810 wie
2419 3761 2502 3823 14,

1379 3830 1446 3878 51
1476 3826 1738 3881 haetenus
1763 3828 2116 3895 respondisse.
2138 3858 2206 3866 —
2226 3828 2505 3896 prompsit

1379 3914 1476 3964 „er
1523 3899 1680 3966 sagte
1728 3902 1864 3952 aus“
1910 3898 2017 3952 wie
2057 3904 2106 3965 1,
2146 3903 2178 3951 6
2232 3899 2363 3963 ficta
2407 3914 2505 3952 sen

1377 3982 1511 4022 vera
1529 3974 1817 4036 promeret.
1859 3974 1944 4034 12,
1975 3974 2041 4022 65
2070 3968 2185 4021 und
2213 3968 2373 4034 oster,
2411 3987 2505 4023 ur-

1380 4040 1706 4108 spn‘inglich
1737 4039 2095 4105 dichterisch,
2134 4039 2250 4092 erst
2278 4039 2387 4094 seit
2412 4038 2504 4093 Li-

1381 4109 1508 4163 vius
1545 4109 1607 4163 in
1643 4111 1740 4164 der
1776 4110 1964 4165 Prosa.

1457 4204 1540 4252 12.
1588 4199 1687 4254 Bei
1731 4214 1998 4254 sermones
2040 4204 2259 4254 mutuos
2312 4198 2388 4254 ist
2432 4216 2510 4255 an

1381 4269 1874 4340 Mittelspersonen
1910 4288 1977 4324 zu
2015 4269 2254 4327 denken.

2007 4366 2076 4415 14

312 1691 684 1757 Proximam
731 1715 954 1758 necem
990 1692 1232 1758 Plautii
1267 1692 1574 1757 Laterani
1623 1693 1908 1758 consulis
1955 1693 2278 1780 designati
2317 1693 2493 1760 Nero
2514 1622 2603 1761 623
