2867 4625
344 110 435 179 30
642 110 989 168 CORNELII
1026 109 1271 166 TAcl'rI
1305 108 1702 165 ANHALIUM
1736 108 1959 164 LIBER
1991 108 2086 165 XI.
2125 108 2281 164 CAP.
2318 115 2406 163 38.

237 296 325 363 38
524 273 707 339 Tunc
732 274 1014 358 primum
1038 274 1373 339 fortunam
1400 294 1591 337 suam
1613 272 2008 356 introspexit
2036 272 2407 356 ferrumque
2434 271 2686 357 accepit,

347 363 523 449 qnod
574 363 823 428 frustra
873 362 1100 448 iugulo
1157 367 1274 428 aut
1323 363 1574 447 pectori
1623 384 1744 446 per
1793 360 2296 445 trepidationem
2348 360 2684 426 admovens

345 453 481 519 ictu
524 452 773 518 tribuni
814 452 1221 537 transigitur.
1303 473 1539 536 corpus
1583 451 1780 516 matri
1825 472 2223 516 concessum.
2301 451 2682 515 nuntiatum-

348 563 474 627 que
512 539 786 607 Claudio
822 541 1116 642 epulanti
1159 541 1407 624 perisse
1442 539 1882 624 Messalinam,
1923 562 2063 605 non
2107 538 2415 604 distincto
2463 562 2579 604 sua
2611 561 2683 604 an

279 668 313 719 5
350 632 567 697 aliena
609 651 829 695 manu.
898 651 1020 694 nec
1062 629 1174 695 ille
1217 628 1562 715 quaesivit,
1604 631 2030 715 poposcitque
2066 629 2369 713 poculum
2406 632 2474 693 et
2510 629 2682 694 solita

351 719 652 787 convivio
689 718 1057 784 celebravit.
1128 741 1213 785 ne
1248 719 1488 784 secutis
1533 718 1796 805 quidem
1842 718 2071 784 diebus
2107 717 2239 784 odii
2283 718 2525 803 gaudii,
2565 718 2682 782 irae
2783 758 2784 805 5

343 809 670 893 tristitiae,
714 808 910 874 ullius
948 807 1224 892 denique
1268 807 1540 872 humani
1577 808 1870 873 adfectus
1908 808 2102 892 signa
2145 806 2341 891 dedit,
2384 829 2520 872 non
2554 829 2681 872 cum
2783 838 2784 861 ÷

344 858 670 964 laetantes²
711 900 1117 962 accusatores
1164 897 1510 981 aspiceret,
1562 919 1700 963 non
1745 919 1894 962 cum
1936 897 2110 962 fflios
2156 900 2536 962 maerentes.
2604 896 2681 960 ιιι-

348 988 570 1073 vitque
616 985 1012 1052 oblivionem
1057 986 1198 1051 eius
1235 990 1503 1051 senatus
1540 986 1861 1051 censendo
1895 1007 2136 1052 nomen
2169 990 2237 1050 et
2279 985 2530 1072 effigies
2570 985 2681 1069 pri·
2783 990 2784 997 ’

246 1098 315 1147 10
350 1076 524 1143 vatis
563 1096 638 1141 ac
673 1074 954 1160 publicis
991 1075 1154 1140 locis
1170 1134 1175 1143 ,
1193 1074 1645 1141 demovendas.
1696 1075 1953 1140 decreta
1985 1073 2297 1140 Narcisso
2335 1074 2682 1159 quaestoria
2783 1056 2784 1133 ἶ

350 1165 663 1251 insignia,
725 1164 1126 1229 levissimum
1188 1163 1455 1230 fastidio
1521 1165 1689 1250 eius,
1750 1187 1900 1231 cum
1960 1187 2158 1248 supra
2209 1163 2572 1229 Pallantem
2629 1167 2683 1227 et
2783 1186 2784 1193 ¹

352 1252 700 1320 Callistum
764 1257 1006 1338 ageret.
1092 1253 1396 1335 [honesta
1461 1253 1748 1339 quidem,
1822 1253 1932 1319 sed
1996 1275 2076 1318 ex
2139 1254 2286 1338 quis
2358 1252 2682 1318 deterrima

351 1346 692 1410 orerentur
732 1341 1021 1407 tristitiis
1068 1342 1342 1424 multis]

423 1533 523 1591 ss.
565 1541 611 1592 1.
648 1534 994 1603 mospexit.
1039 1532 1151 1591 010.
1182 1550 1285 1605 pro
1318 1535 1479 1590 euna
1518 1499 1527 1509 ’
1586 1534 2045 1603 „Geschwisteffi
2110 1535 2218 1590 mit
2256 1534 2550 1590 ahnfioher
2582 1534 2683 1618 35¹:
2783 1546 2784 1549 ι

354 1611 422 1662 27
457 1606 750 1676 perspicite
792 1606 957 1662 etiam
1000 1611 1163 1676 atque
1205 1607 1373 1662 etiam
1405 1637 1478 1647 —
1584 1577 1756 1677 lepsis
1810 1607 2120 1677 gebi-sucht
2171 1606 2402 1662 Tacitus
2452 1606 2684 1675 priviyni
2783 1644 2784 1691 3

350 1678 572 1748 penitus
608 1677 951 1747 ‘Imbrospicite
979 1677 1257 1734 Catilinae
1292 1709 1363 1719 —
1399 1694 1477 1734 ce·
1586 1678 1700 1733 und
1731 1684 2069 1761 pronepotes:

354 1754 694 1818 terorwmqwe
728 1753 939 1804 mentes
1658 1755 1743 1804 11.
1762 1749 1994 1818 fastidio
2011 1751 2143 1804 eius.
2180 1747 2295 1803 Fur
2312 1748 2506 1805 seinen
2520 1748 2682 1803 Hoch·
2783 1742 2784 1751 ’

426 1824 478 1874 2.
516 1824 618 1874 aut
652 1820 793 1874 statt
828 1819 984 1874 modo
1019 1851 1091 1860 —
1125 1821 1298 1876 modo.
1345 1818 1476 1891 Vgl.
1583 1821 1723 1889 mut,
1763 1821 1862 1875 der
1897 1821 2057 1875 mehr
2091 1821 2409 1891 vei-langue,
2456 1837 2572 1875 war
2603 1820 2686 1874 das

356 1908 423 1946 zu
454 1895 601 1958 1,16
636 1891 702 1945 ob
738 1890 1014 1946 iustitium
1049 1896 1150 1946 aut
1190 1892 1476 1973 qaudium.
1584 1892 1709 1947 eine
1746 1908 1891 1963 ganz
1928 1891 2355 1947 unbedeutende
2391 1891 2559 1946 Ehre.
2783 1912 2789 1937 a

356 2038 406 2101 2
427 1930 810 2089 Βὸἑιναῖξιάρονο
836 1962 979 2017 statt
1004 1963 1343 2033 tramfiqere,
1367 1961 1478 2018 wie
1658 1968 1744 2017 12.
1784 1962 1889 2017 Die
1915 1963 2130 2018 letzten
2156 1964 2355 2018 Worte
2390 1964 2611 2019 honesta
2629 1990 2687 2002 —

354 2103 546 2231 ‘fimf
507 2049 656 2172 segre
691 2119 747 2159 se
783 2106 1063 2175 wmweqit.
1110 2051 1198 2161 So
1223 2106 1338 2161 erst
1371 2077 1480 2161 seit
1586 2104 1730 2174 sein,
1803 2105 2001 2161 womit
2064 2106 2296 2175 jemand
2361 2105 2688 2161 ausdn'icken

424 2191 549 2230 vius
586 2174 700 2230 und
735 2175 1038 2231 Phaedrus.
1585 2148 1804 2245 wolste,
1862 2176 1985 2232 dass
2043 2177 2134 2233 die
2190 2176 2557 2248 Beseitigung
2605 2176 2687 2230 der

695 2033 750 2088 io
795 2048 916 2089 eum
959 2035 1198 2105 vransiyt
1189 2036 1237 2088 t.
1316 2040 1400 2105 14,
1444 2039 1476 2088 9
1585 2036 1773 2090 multis
1835 2034 2101 2090 scheinen
2164 2034 2255 2089 ein
2318 2033 2576 2089 Glossem
2631 2051 2687 2087 zu
2783 2012 2789 2041 ³

427 2251 479 2303 4.
517 2246 776 2302 distincto
810 2246 888 2302 ist
923 2247 1007 2302 als
1044 2245 1335 2302 absoluter
1360 2247 1478 2303 Ab·
1585 2220 1893 2304 Messal’ina
1918 2248 2034 2302 und
2060 2248 2212 2302 ihrer
2230 2249 2537 2319 Anhanger
2561 2263 2688 2302 zvar
2783 2244 2784 2247 ’

355 2317 500 2375 lativ
535 2310 634 2373 ἄπ’.
675 2316 775 2388 olo.
1585 2320 1825 2391 loblich,
1875 2321 2011 2377 aber
2044 2319 2105 2375 in
2140 2320 2300 2377 ihren
2338 2319 2554 2404 Folgen
2585 2337 2687 2376 ver·
2783 2339 2789 2368 ι

428 2394 477 2445 8.
517 2390 687 2458 filios,
730 2389 979 2446 namlich
1026 2390 1136 2445 den
1174 2389 1327 2446 Sohn
1362 2391 1479 2446 und
1585 2392 1949 2475 hangnisvoll
1975 2408 2108 2460 war,
2138 2392 2211 2447 da
2228 2392 2548 2474 Agrippina
2572 2389 2686 2447 bald
2783 2439 2784 2444 ,

357 2460 449 2516 die
505 2460 774 2529 Tochter‚
838 2461 959 2518 also
1025 2461 1153 2530 „die
1214 2461 1479 2532 Kinder“,
1587 2464 1795 2518 darauf
1844 2463 1934 2519 die
1981 2462 2283 2519 Gemahlin
2335 2464 2440 2519 des
2486 2462 2685 2520 Kaisers

356 2531 465 2586 wie
500 2530 633 2589 hist.
675 2538 722 2602 1,
760 2504 830 2588 '63
866 2534 1059 2589 stratis
1099 2549 1201 2603 per
1236 2535 1357 2589 vias
1402 2535 1478 2601 fe·
1586 2535 1763 2589 ward.

356 2604 523 2660 minis
550 2604 858 2675 puerisque.
916 2621 1041 2661 ann,
1085 2610 1170 2676 12,
1207 2611 1242 2659 4
1277 2605 1482 2673 francs
