2867 4625
217 2058 302 2123 69

320 117 454 181 214

966 116 1314 173 CORNELII
1351 117 1602 173 TACITI
1637 117 2030 173 ANNALIUM

316 283 621 364 tremene,
668 301 813 345 cum
850 280 958 345 vix
995 280 1247 346 duobus
1285 280 1522 346 ictibus
1560 285 1756 366 caput
1793 281 2275 367 amputavisset,
2324 281 2635 346 saevitiam

212 385 297 523 {08
320 369 490 453 apud
535 368 866 435 Neronem
910 369 1203 453 iactavit,
1251 370 1669 456 sesquiplaga
1714 369 2131 435 interfectum
2178 394 2216 436 a
2261 391 2330 435 se
2376 370 2638 436 dicende.

497 458 872 523 Proximum
910 459 1313 525 constantiae
1352 460 1717 543 exemplum
1753 455 2078 543 Sulpicius
2115 459 2328 543 Asper
2375 460 2638 525 centurio

315 547 647 632 praebuit,
702 548 1113 631 percontanti
1157 547 1430 632 Neroni,
1491 570 1606 614 cur
1659 548 1730 612 in
1784 549 2044 614 caedem
2100 570 2283 613 suam
2340 548 2638 632 conspira-

317 636 543 720 visset,
607 636 889 701 breviter
941 637 1341 721 respondens
1394 658 1528 702 non
1585 637 1774 703 aliter
1831 641 1938 702 tot
1998 637 2264 722 flagitiis
2323 636 2461 702 eius
2515 638 2639 701 sub·

317 724 523 790 veniri
576 725 885 809 potuisse.
947 728 1087 790 tum
1134 726 1377 791 iussam
1427 748 1704 811 poenam
1752 726 1969 791 subiit.
2038 748 2160 791 nec
2206 725 2407 791 ceteri
2451 728 2643 790 centu-

250 828 280 877 5
318 814 535 879 riones
580 813 651 878 in
703 814 1139 899 perpetiendis
1188 814 1519 902 suppliciis
1567 815 2062 899 degeneraver03
2122 817 2193 879 at
2245 837 2383 880 non
2425 814 2640 879 Faenio

319 902 489 968 Rufo
543 925 664 988 par
708 903 990 988 animus,
1049 904 1161 969 sed
1215 904 1717 970 lamentationes
1766 927 1916 969 suas
1965 904 2161 969 etiam
2206 903 2275 968 in
2319 906 2642 969 testamen-

320 994 460 1055 tum
506 992 799 1058 contulit.

496 1079 968 1165 Opperiebatur
1012 1080 1205 1166 Nero,
1254 1086 1327 1148 ut
1370 1082 1684 1148 Vestinus
1732 1104 1985 1167 quoque
2032 1082 2258 1148 consul
2306 1083 2383 1147 in
2430 1082 2642 1147 crimen

318 1169 777 1253 attraheretur,
832 1171 1186 1236 violentum
1243 1174 1310 1236 et
1363 1170 1686 1236 infensum
1747 1175 1958 1255 ratus3
2016 1171 2128 1236 sed
2183 1194 2261 1235 ex
2317 1172 2643 1238 coniuratis

217 1273 282 1322 10
320 1258 591 1324 consilia
637 1280 784 1323 cum
829 1259 1102 1325 Vestino
1149 1282 1285 1325 non
1331 1261 1728 1326 miscuerant
1773 1260 2032 1344 quidam
2079 1260 2358 1327 vetustis
2411 1262 2482 1325 in
2523 1282 2644 1326 eum

320 1347 791 1432 simultatibus,
846 1349 1090 1432 plures,
1149 1349 1302 1434 quia
1354 1349 1774 1435 praecipitem
1831 1351 1899 1414 et
1950 1349 2406 1415 insociabilem
2461 1349 2647 1415 crede-

318 1437 496 1502 bant.
560 1440 844 1503 ceterum
879 1436 1130 1504 Neroni
1177 1438 1396 1504 odium
1445 1438 1750 1504 adversus
1790 1437 2135 1503 Vestinum
2174 1460 2252 1503 ex
2298 1440 2532 1505 intima
2562 1461 2648 1504 so-

318 1525 589 1590 dalitate
627 1529 944 1610 coeperat,
980 1527 1133 1591 dum
1168 1527 1275 1592 hic
1312 1527 1648 1612 ignaviam
1684 1526 1997 1612 principis
2033 1528 2298 1611 penitus
2340 1529 2647 1616 cognitam

252 1634 255 1637 ’
319 1613 616 1698 despicit,
670 1615 784 1679 ille
830 1615 1139 1680 ferociam
1187 1616 1377 1682 amici
1423 1617 1682 1700 metuit,
1737 1638 1928 1700 saepe
1978 1617 2226 1700 asperis
2272 1617 2529 1683 facetiis
2569 1619 2648 1681 in·

216 1717 281 1766 15
318 1702 516 1785 lusus,
564 1725 727 1787 quae
773 1704 885 1768 ubi
929 1705 1207 1769 multum
1256 1729 1334 1772 ex
1376 1726 1530 1772 vero
1576 1708 1852 1789 traxere,
1888 1727 2112 1770 acrem
2149 1706 2251 1771 sui
2290 1708 2647 1772 memoriam

318 1790 713 1876 relinquunt.
778 1797 1136 1859 accesserat
1190 1816 1423 1878 repens
1480 1816 1704 1878 causa,
1762 1795 1933 1878 quod
1980 1793 2291 1861 Vestinus
2341 1794 2644 1862 Statiliam

316 1879 739 1946 Messalinam
775 1883 1190 1949 matrimonio
1228 1883 1354 1949 sibi
1398 1883 1725 1966 iunxerat,
1771 1882 1946 1948 haud
1980 1886 2237 1949 nescius
2284 1885 2459 1951 inter
2493 1886 2645 1950 adul-

320 1971 496 2035 teros
544 1969 680 2036 eius
729 1973 796 2035 et
841 1970 1184 2037 Caesarem
1232 1994 1389 2038 esse.
1430 2017 1459 2042 .

501 2057 713 2144 Igitur
765 2082 901 2126 non
947 2062 1241 2146 crimine,
1297 2084 1432 2128 non
1488 2064 1862 2127 accusatore
1920 2061 2258 2146 existente,
2320 2063 2478 2148 quia
2528 2083 2640 2146 spe·

322 2147 484 2211 ciem
529 2148 761 2214 iudicis
806 2150 1069 2216 induere
1106 2172 1241 2216 non
1284 2153 1558 2234 poterat,
1606 2150 1687 2215 ad
1728 2151 1860 2215 vim
1907 2150 2374 2217 dominationis
2415 2173 2641 2217 conver-

323 2257 430 2300 sus
478 2235 891 2303 Gerellanum
936 2239 1270 2304 tribunum
1317 2262 1464 2304 cum
1511 2238 1776 2306 cohorte
1813 2238 2094 2304 militum
2138 2240 2424 2307 inmittit
2466 2241 2640 2306 iubet·

324 2346 447 2408 que
501 2329 881 2411 praevenire
936 2331 1204 2394 conatus
1260 2329 1578 2412 consulis,
1634 2350 1950 2415 occupare
2010 2330 2189 2394 velut
2245 2352 2465 2396 arcem
2509 2331 2638 2413 εἰπε,

252 2429 284 2479 5
324 2415 684 2497 opprimere
722 2417 1034 2482 delectam
1079 2418 1503 2502 iuventutem,
1549 2418 1702 2503 quia
1740 2417 2049 2484 Vestinus
2087 2418 2482 2485 inminentes
2526 2419 2639 2485 foro

323 2502 512 2568 aedes
558 2504 913 2590 decoraque
953 2507 1217 2572 servitia
1254 2511 1319 2573 et
1362 2507 1505 2592 pari
1542 2511 1755 2572 aetate
1800 2507 2101 2572 habebat.
2173 2506 2413 2574 cuncta
2450 2531 2522 2574 eo
2555 2507 2636 2572 die

322 2594 542 2658 munia
588 2595 873 2659 consulis
918 2596 1298 2679 impleverat
1344 2596 1837 2680 conviviumque
1885 2596 2280 2681 celebrabat,
2325 2597 2498 2663 nihil
2539 2617 2639 2660 me·

321 2682 510 2746 tuens
557 2704 641 2748 an
685 2683 1149 2750 dissimulando
1198 2688 1404 2770 metu,
1456 2707 1600 2751 cum
1644 2685 1923 2772 ingressi
1968 2685 2206 2751 milites
2254 2687 2478 2751 vocari
2521 2707 2640 2750 eum

396 2862 482 2912 20.
500 2860 848 2930 sesquiplaqa
866 2861 1238 2930 „anderthalb
1259 2861 1440 2917 Hieb“

321 2925 398 2983 ist
436 2927 558 2984 eine
589 2948 730 2986 neue
759 2931 1178 3002 Wortbildung,
1215 2932 1308 2989 ein
1343 2948 1437 3003 ge-

321 2999 534 3054 meiner
571 3001 1003 3058 Kasernenwitz.

392 3140 489 3197 68.
529 3147 577 3196 8.
616 3144 862 3211 opperiri
887 3143 994 3198 mit
1026 3143 1350 3213 folgendem
1377 3150 1443 3199 nt

205 3200 211 3206 ’
321 3212 465 3265 nach
492 3213 769 3283 Analogie
797 3230 909 3269 von
936 3220 1241 3283 eaespectare
1269 3215 1442 3270 sehon

1548 2859 1939 2929 Stadtprafekt
1966 2877 2095 2916 war.
2137 2867 2186 2927 6,
2218 2867 2300 2915 11.
2349 2862 2512 2918 Nach
2537 2861 2641 2915 dem

1549 2931 1703 2986 Tode
1760 2931 1859 2985 der
1904 2931 2192 3002 Poppaea,
2250 2932 2352 2986 der
2408 2932 2468 2988 in
2515 2933 2640 2988 dem-

1546 3001 1946 3129 ffgpgnsiiahre
1984 3005 2100 3073 (65)
2145 3003 2378 3072 erfolgt,
2428 3003 2640 3060 heiratet

1618 3215 1715 3270 69.
1766 3221 1813 3271 1.
1859 3217 2088 3285 speciem
2136 3247 2201 3256 —
2247 3218 2477 3301 induere
2519 3214 2639 3270 nach

217 3296 222 3302 ·
321 3281 412 3336 bei
447 3283 699 3338 Plautus.
1547 3284 1664 3340 Liv.
1702 3291 1791 3354 40,
1834 3292 1899 3341 12
1937 3289 2278 3356 percussoris
2318 3304 2540 3358 spectem
2568 3287 2637 3340 in·

396 3376 476 3424 11.
515 3374 875 3442 praecipitem
921 3372 1219 3444 ,‚voreilig‚
1266 3374 1436 3430 unbe-
1546 3359 1671 3412 duit
1706 3358 1845 3426 (scil.
1883 3359 2057 3428 miht).
2117 3358 2406 3444 ’Da-gagen
2449 3359 2638 3416 Cicero:

321 3447 582 3499 amanen&
634 3475 697 3483 -
746 3445 1113 3512 ῑηθοσῑαωῑῑε,
1165 3463 1208 3500 0,
1246 3464 1312 3500 zu
1353 3453 1440 3514 13,
1536 3444 1832 3497 personam
1870 3446 2068 3496 amam,
2103 3431 2308 3485 eadsezs
2343 3433 2574 3487 andum.

323 3518 387 3566 17
425 3515 745 3571 insociabile
778 3533 1019 3586 regnum.

394 3608 476 3656 13.
515 3589 665 3657 Uber
710 3607 841 3660 dnm
885 3605 991 3661 mit
1035 3606 1297 3662 kausaler
1334 3607 1435 3661 Be-

318 3673 570 3744 deutung
607 3692 648 3730 s.
687 3675 833 3730 Einl.
874 3682 921 3742 §-
959 3682 1045 3732 90.

394 3768 475 3818 15.
514 3770 732 3819 traxere
762 3781 1202 3834 „angenommen
1231 3765 1432 3835 haben,

318 3835 659 3891 enthalten“.
720 3835 845 3907 vgl.
887 3843 936 3904 6,
975 3841 1043 3890 30
1078 3837 1237 3904 fidem
1274 3854 1341 3891 ex
1377 3853 1436 3892 eo

319 3905 622 3960 trahebant.
670 3907 853 3961 Germ.
884 3913 953 3961 46
992 3907 1180 3962 Veneti
1206 3908 1435 3963 multum

320 3991 386 4030 ex
412 3978 655 4032 moribus
676 3979 1100 4048 (Sarmatarum)
1125 3983 1434 4034 traxerant.

394 4069 477 4119 16.
513 4082 703 4134 repens
739 4069 879 4123 statt
914 4082 1097 4122 recens
1128 4068 1272 4122 auch
1304 4074 1353 4136 6,
1385 4074 1433 4124 ’1.

326 4137 408 4199 11,
445 4140 515 4189 24
551 4136 665 4190 und
699 4138 759 4192 in
795 4139 904 4193 den
930 4138 1241 4204 Historien3
1282 4141 1439 4195 sonet

320 4203 600 4286 nirgends.
613 4237 682 4246 -—
694 4207 921 4265 Statilia
932 4210 1010 4265 ist
1017 4210 1322 4266 Urenkelin
1337 4211 1435 4264 des

325 4269 576 4330 Statlhus
592 4276 821 4348 Taurus,
847 4281 945 4335 der
966 4285 1128 4337 unter
1147 4282 1435 4351 Augustus

1616 3505 1665 3581 4:
1715 3500 1861 3581 velat
1907 3500 2061 3555 steht
2108 3499 2200 3555 ffir
2244 3501 2356 3585 ein·
2380 3499 2632 3557 Attribut:

1737 3571 2192 3697 rugam
2218 3571 2635 3699 sassa

1545 3641 1991 3794 gtaslnsccessibus.
2058 3712 2130 3768 So
2169 3714 2323 3769 steht
2367 3714 2522 3785 qnasi
2558 3709 2634 3766 bei

1547 3780 1658 3867 Orc.
1699 3783 1768 3838 de
1807 3786 1947 3840 orat.
1991 3790 2038 3852 1,
2068 3789 2137 3839 54
2174 3791 2295 3840 erat
2331 3789 2471 3842 enim
2493 3783 2632 3839 Athe-

1543 3871 1633 3910 ms
1662 3885 1729 3893 -—
1758 3856 1921 3925 quasi
1951 3872 2161 3925 poenae
2187 3858 2504 3924 aestimatio,
2537 3851 2631 3909 und

1544 3925 2091 4054 bigami-mutando
2109 4003 2253 4054 metu
2271 3999 2484 4054 scheiut
2497 3994 2631 4051 nicht

1546 4068 1800 4152 Ablatin
1857 4070 2093 4152 sondern
2138 4070 2336 4125 finaler
2379 4069 2536 4126 Dativ
2571 4080 2628 4118 zu

1547 4156 1690 4209 sem,
1727 4210 1739 4222 ·
1754 4140 1984 4223 almhch
2004 4215 2021 4237 ο
2047 4141 2154 4196 mit
2207 4141 2390 4226 einem
2439 4140 2628 4245 Nomen

1542 4211 1896 4339 mss
2037 4211 2628 4341 armasset
