2867 4625
915 83 1136 138 LIBER
1172 84 1318 139 XVI.
1387 83 1543 139 CAP.
1581 89 1812 141 32—35.

2421 84 2551 150 239

179 248 624 314 institutionis
681 247 956 333 doctori,
986 267 1167 312 ·cum
1223 248 1379 332 quo,
1435 251 1510 312 ut
1564 246 1929 312 coniectare
1986 250 2127 312 erat
2183 248 2549 314 intentione

179 338 415 403 vultus
453 342 519 402 et
553 337 812 421 auditis,
861 337 917 402 si
954 358 1082 422 qua
1118 336 1356 402 elarius
1403 336 1980 421 proloquebantur‚
2029 336 2107 401 de
2145 340 2380 403 natura
2417 338 2553 403 ani-
2591 354 2626 402 5

179 448 333 491 mae
377 429 446 491 et
490 425 950 491 dissociatione
998 425 1266 511 spiritus
1306 426 1721 510 corporisque
1757 425 2149 510 inquirebat,
2195 426 2397 491 donec
2443 426 2554 493 ad-

177 516 372 581 venit
420 513 748 580 Domitius
798 512 1207 580 Caecilianus
1254 536 1333 579 ex
1376 514 1626 579 intimis
1676 513 1898 579 amicis
1947 517 2014 578 et
2057 514 2117 578 ei
2169 515 2323 601 quid
2370 537 2552 580 sena-

178 609 290 669 tus
322 604 688 670 censuisset
715 606 1031 689 exposuit.
1093 603 1296 689 igitur
1320 603 1552 668 flentes
1590 604 2116 688 queritantesque
2145 605 2256 689 qui
2284 604 2554 670 aderant

178 694 512 759 facessere
558 714 831 777 propere
868 693 1158 758 Thrasea
1201 713 1326 757 neu
1371 693 1662 777 pericula
1709 715 1827 758 sua
1867 692 2136 758 miscere
2185 715 2329 781 cum
2377 697 2551 759 sorte

181 782 485 847 damnati
540 782 867 866 hortatur,
921 781 1306 866 Arriamque
1359 784 1794 866 temptantem
1852 781 2073 846 mariti
2130 804 2432 865 suprema
2488 787 2554 849 et
2591 798 2662 848 10

183 872 561 955 exemplum
600 871 827 935 Arriae
871 872 1099 936 matris
1147 871 1329 956 sequi
1383 874 1607 935 monet
1655 871 1939 959 retinere
1989 871 2194 935 vitam
2248 872 2549 957 filiaeque

184 960 527 1026 communi
555 959 930 1025 ’subsidium
977 960 1240 1025 unicum
1284 980 1417 1023 non
1466 959 1767 1026 adimere.
2517 980 2521 983 ’

368 1049 542 1114 Tum
601 1070 985 1134 progressus
1041 1050 1113 1113 in
1164 1048 1491 1132 porticum
1541 1048 1679 1113 illic
1735 1071 1775 1113 a
1829 1053 2188 1134 quaestore
2213 1049 2551 1134 reperitur,
2570 1050 2660 1116 35

186 1139 486 1203 laetitiae
533 1138 818 1223 propior,
864 1139 1015 1222 quia
1050 1137 1422 1202 Helvidium
1470 1132 1779 1222 generum
1827 1160 2015 1202 suum
2052 1137 2246 1202 Italia
2289 1141 2550 1203 tantum

185 1228 395 1292 arceri
444 1230 856 1312 cognoverat.
940 1231 1206 1311 accepto
1255 1226 1487 1291 dehine
1534 1230 1798 1292 senatus
1844 1227 2140 1292 consulto
2176 1226 2550 1292 Helvidium

184 1321 250 1380 et
308 1316 728 1382 Demetrium
789 1316 860 1380 in
923 1317 1290 1382 cubiculum
1353 1315 1630 1401 inducit3
1705 1316 2146 1401 porrectisque
2212 1316 2549 1399 utriusque

182 1405 438 1471 brachii
494 1405 708 1489 venis,
764 1409 1110 1491 postquam
1167 1426 1462 1472 cruorem
1510 1404 1761 1490 effudit,
1813 1405 2086 1470 humum
2133 1427 2328 1490 super
2371 1427 2550 1489 spar-
2589 1422 2623 1471 5

185 1515 374 1579 gens,
430 1495 703 1579 propius
758 1498 987 1560 vocato
1044 1496 1388 1580 quaestore
1445 1492 1772 1558 ‘libamus'
1828 1494 2043 1578 inquit
2091 1493 2257 1561 ‘Iovi
2316 1494 2554 1560 libera-

184 1583 330 1648 tori.
419 1586 664 1667 specta,
710 1583 992 1667 iuvenis3
1041 1587 1107 1648 et
1149 1605 1342 1648 omen
1389 1582 1650 1667 quidem
1696 1582 1763 1647 di
1808 1583 2221 1668 prohibeant,
2267 1586 2550 1649 ceterum

185 1671 254 1735 in
299 1694 381 1737 ea
426 1676 731 1757 tempora
775 1676 970 1738 natus
1017 1694 1105 1758 es,
1150 1672 1384 1757 quibus
1431 1672 1691 1736 firmare
1734 1673 2026 1737 animum
2064 1672 2366 1757 expediat
2401 1694 2550 1737 con-

188 1761 517 1826 stantibus
574 1760 925 1844 exemplis?

1015 1765 1169 1847 post
1222 1760 1609 1826 lentitudine
1665 1762 1875 1827 exitus
1932 1782 2161 1848 graves
2229 1762 2550 1827 cruciatus

188 1850 550 1933 adferente,
597 1850 889 1915 obversis
934 1851 1005 1915 in
1050 1850 1606 1916 Demetrium***

255 2047 306 2098 4.
354 2043 661 2098 coniectare
706 2049 853 2111 erat,
906 2043 1014 2098 wie
1070 2044 1213 2099 Gell.
1264 2052 1315 2112 6,

191 2118 239 2178 6,
278 2119 342 2167 11
382 2131 454 2169 ex
492 2129 598 2183 quo
633 2119 712 2169 eet
748 2115 1064 2171 coniectare.
1110 2115 1317 2171 Diesen

192 2183 605 2240 dichterischen
649 2186 765 2239 und
820 2185 1317 2243 nachklassischen

195 2253 514 2310 Graeismus
541 2256 649 2312 hat
665 2257 797 2313 Tac.
827 2275 932 2312 nur
957 2259 1103 2314 noch
1128 2257 1314 2314 Germ.

196 2331 227 2380 5
262 2333 337 2382 est
371 2328 573 2383 videre.

263 2403 311 2453 6.
360 2400 682 2454 dissociatio
727 2418 834 2454 nur
889 2400 1011 2455 hier
1055 2401 1171 2455 und
1223 2399 1317 2456 bei

193 2467 315 2523 dem
352 2470 574 2525 fflteren
608 2470 843 2526 Plinius.

262 2546 311 2595 8.
349 2543 625 2612 queritari
652 2542 729 2596 ist
763 2542 856 2598 bei
883 2541 1015 2598 Tae.
1045 2535 1144 2596 ἅπ.
1184 2541 1315 2612 εἰρ.;

197 2614 348 2692 sonet
382 2613 534 2668 noch
579 2613 672 2668 bei
718 2614 845 2668 dem
886 2614 1167 2697 ,jungeren
1201 2614 1315 2668 Pli-

197 2697 317 2736 mus
356 2684 475 2738 und
509 2684 591 2738 im
630 2684 965 2755 Spatlatein.

266 2759 348 2808 11.
386 2753 497 2809 Die
525 2754 940 2826 gleichnamige
969 2755 1180 2810 Mutter
1216 2755 1317 2811 der

198 2822 355 2902 Arria
401 2842 524 2880 war
567 2826 659 2881 die
698 2826 995 2882 Gemahlin
1043 2827 1141 2882 des
1178 2826 1314 2883 Cae-

200 2909 319 2950 cma
352 2897 587 2964 Paetus,
634 2898 877 2953 welcher
921 2899 1001 2952 im
1036 2897 1087 2955 J.
1127 2904 1195 2953 42
1243 2914 1317 2953 an

199 2963 321 3020 dem
380 2968 828 3038 verunglfiekten
907 2968 1315 3024 dalmatischen

199 3036 502 3095 Aufstande
590 3040 688 3095 des
762 3040 1030 3095 Camillus
1114 3041 1314 3111 teilge-

202 3122 473 3165 nommen.
546 3109 649 3165 Als
696 3128 756 3166 er
792 3113 1039 3182 zogerte‚
1091 3111 1210 3167 sich
1246 3131 1314 3166 zu

201 3177 376 3249 testea,
465 3183 683 3237 erstach
767 3183 847 3237 sie
921 3182 1044 3237 sich
1113 3185 1311 3240 zuerst.

200 3245 322 3318 Vgl.
373 3252 519 3310 Plin.
576 3270 662 3324 ep.
720 3259 771 3322 3,
827 3260 892 3308 16
956 3256 1314 3323 praeclarum

1424 2042 1641 2113 quidem
1722 2043 1867 2097 illud
1943 2043 2181 2098 eiusdem
2252 2042 2544 2113 (Arriae)=

1423 2117 1635 2182 ferrum
1678 2114 1968 2183 etrinyere,
2009 2113 2298 2182 perfodere
2337 2118 2550 2183 peetuS,

1424 2186 1706 2241 extrahere
1745 2186 2067 2255 puyimwm,
2107 2186 2393 2256 porrigere
2437 2202 2550 2239 ma·

1424 2257 1563 2324 rito,
1616 2257 1818 2312 addere
1861 2273 2038 2312 vocem
2082 2257 2439 2312 immortalem
2484 2272 2553 2312 ae

1417 2346 1597 2398 paene
1633 2329 1882 2384 divinam
1917 2328 2128 2396 „Paete
2135 2369 2153 2395 ,
2199 2344 2314 2382 non
2337 2329 2547 2383 .dolet“.

1498 2470 1594 2527 35.
1652 2479 1702 2525 3.
1751 2470 1903 2526 Statt
1948 2486 2132 2526 arcere
2176 2469 2278 2524 hat
2314 2469 2445 2524 Tac.
2488 2469 2550 2523 in

1425 2541 1609 2597 dieser
1635 2542 1848 2597 Phrase
1876 2543 2022 2597 auch
2048 2542 2387 2608 interdicere,
2414 2557 2548 2609 pro-

1422 2614 1621 2680 hibere,
1649 2614 1921 2684 depellere.
1969 2613 2190 2669 Ebeuso
2217 2629 2365 2681 aqua
2385 2616 2550 2681 atque

1424 2686 1548 2755 iyni
1584 2701 1766 2740 arcere
1803 2691 1866 2751 3,
1905 2691 1991 2740 23.
2029 2690 2118 2740 50.

1499 2760 1548 2810 ὅ.
1585 2757 1810 2811 humum
1845 2772 2022 2826 super.
2087 2743 2239 2812 Uber
2273 2758 2365 2813 die
2399 2758 2548 2812 Ana-

1425 2828 1656 2897 strophe
1695 2846 1738 2882 s.
1775 2826 1919 2882 Einl.
1960 2833 2005 2894 §-
2040 2836 2168 2897 116,
2199 2845 2249 2884 a.

1499 2905 1548 2954 6.
1596 2899 1834 2954 libamus
1870 2901 1969 2955 ott.
2053 2899 2159 2955 Dio
2209 2907 2303 2967 62,
2340 2906 2410 2955 26
2458 2899 2549 2954 σοὶ

1422 2971 1590 3024 τοῦτο
1637 2965 1700 3024 τὸ
1752 2967 1920 3040 αἷμα,
1977 2961 2020 3025 ὦ
2072 2973 2181 3025 Ζεῦ
2232 2968 2547 3040 ἐλευθέρη,

1424 3039 1664 3097 σπένδω.
2572 3055 2576 3058 ”

1495 3112 1608 3167 Der
1650 3113 1790 3167 Rest
1844 3111 1942 3168 des
2003 3120 2085 3168 16.
2134 3112 2352 3169 Buches
2408 3113 2547 3185 ging

1421 3184 1509 3238 bis
1552 3183 1641 3239 ins
1676 3184 1729 3239 J.
1768 3189 1837 3239 68
1882 3185 1998 3238 und
2045 3184 2284 3255 lnu‘ipfte
2331 3201 2404 3240 an
2445 3184 2547 3242 das

1421 3257 1568 3310 erste
1605 3254 1764 3310 Buch
1802 3253 1902 3310 der
1936 3255 2225 3312 Historien
2263 3274 2351 3312 an.

2589 1871 2657 1920 10
