2867 4625
898 103 1117 158 LIBER
1152 102 1274 157 xv.
1332 77 1489 158 c'AP.
1529 108 1757 158 35-3-1.

2376 102 2506 168 193

179 275 282 355 est,
322 270 405 334 rei
448 268 908 335 frumentariae
956 267 1328 351 angustias,
1373 266 1431 331 si
1478 266 1766 350 abesset,
1813 267 2149 332 metuenti.
2242 271 2506 333 senatus

178 364 235 424 et
270 359 569 444 primores
614 358 685 422 in
728 358 978 422 incerto
1027 359 1243 440 erant,
1297 355 1524 440 procul
1582 377 1669 420 an
1716 377 1933 421 coram
1983 356 2263 422 atrocior
2306 357 2505 422 habe·

175 452 350 513 retur:
403 446 663 532 dehinc,
718 468 881 532 quae
936 448 1172 510 natura
1228 444 1486 531 magnis
1533 444 1879 510 timoribus
1886 495 1905 529 ,
1961 445 2245 510 deterius
2293 446 2507 511 crede-

175 538 312 602 bant
351 537 516 622 quod
562 537 881 603 evenerat.

2545 552 2621 601 20

323 625 465 710 Ipse
522 647 649 709 quo
705 624 900 690 fidem
957 621 1327 707 adquireret
1380 622 1548 687 nihil
1601 645 1876 707 usquam
1930 623 2198 707 perinde
2258 626 2504 690 laetum
2526 627 2610 691 37

171 716 302 799 sibi,
352 714 625 798 publicis
681 714 841 779 locis
899 716 1147 777 struere
1205 712 1506 777 convivia
1556 714 1825 796 totaque
1871 713 2032 777 urbe
2079 714 2267 797 quasi
2312 715 2506 780 domo

173 805 268 868 uti.
350 806 412 867 et
455 803 913 869 celeberrimae
959 802 1117 866 luxu
1153 801 1459 886 famaque
1498 801 1727 885 epulae
1763 800 1960 886 fuere,
2008 824 2170 886 quas
2209 825 2248 868 a
2287 802 2507 887 Tigel-

172 892 284 957 lino
333 896 596 977 paratas
653 897 728 958 ut
784 890 1151 975 exemplum
1206 890 1513 974 referam,
1568 910 1650 954 ne
1708 890 1964 974 saepius
2015 889 2238 955 eadem
2285 892 2505 975 prodi-

167 981 365 1065 gentia
414 981 739 1046 narranda
784 981 887 1045 sit.
977 980 1180 1065 igitur
1222 980 1292 1043 in
1338 983 1575 1066 stagno
1622 979 1956 1064 Agrippae
2002 979 2356 1045 fabricatus
2406 986 2507 1047 est
2545 996 2578 1046 5

172 1074 370 1155 ratem,
413 1072 517 1135 cui
566 1070 1044 1155 superpositum
1095 1069 1465 1134 convivium
1501 1068 1769 1134 navium
1808 1068 2079 1133 aliarum
2115 1071 2332 1135 traetu
2370 1092 2508 1136 mo-

171 1162 414 1224 veretur.
513 1181 715 1225 naves
784 1181 941 1224 auro
999 1161 1066 1222 et
1121 1159 1315 1223 ebore
1370 1158 1743 1242 distinctae,
1806 1158 2210 1243 remigesque
2266 1159 2509 1225 exoleti

171 1269 267 1330 per
328 1251 571 1314 aetates
630 1253 696 1313 et
751 1248 1090 1314 scientiam
1143 1247 1487 1312 libidinum
1544 1247 2118 1331 componebantur.
2211 1247 2507 1313 volucres

169 1340 228 1400 et
272 1337 432 1403 feras
492 1337 765 1403 diversis
822 1359 857 1401 e
914 1336 1106 1402 terris
1164 1339 1230 1401 et
1282 1335 1592 1408 animalia
1645 1336 1845 1401 maris
1903 1334 2163 1401 Oceano
2221 1336 2508 1422 abusque

167 1425 479 1508 petiverat.
574 1426 1011 1512 crepidinibus
1069 1426 1287 1511 stagni
1341 1425 1685 1509 lupanaria
1731 1425 2083 1491 adstabant
2124 1425 2508 1491 inlustribus
2549 1442 2618 1492 10

167 1513 400 1582 feminis
444 1516 803 1600 completa:
844 1519 910 1581 et
948 1518 1184 1581 contra·
1214 1518 1430 1579 scorta
1467 1514 1848 1579 visebantur
1882 1515 2073 1579 nudis
2111 1515 2512 1600 corporibus.

168 1603 279 1667 iam
331 1607 554 1690 gestus
613 1610 956 1690 motusque
1012 1603 1301 1687 obsceni3
1368 1607 1435 1668 et
1493 1607 1844 1688 postquam
1895 1604 2202 1669 tenebrae
2256 1604 2512 1669 ineede-

169 1690 333 1776 bant,
387 1697 702 1780 quantum
757 1694 941 1759 iuxta
995 1693 1283 1758 nemoris
1340 1695 1406 1757 et
1462 1692 1875 1757 circumiecta
1926 1695 2103 1757 tecta
2153 1714 2511 1759 consonare

169 1784 345 1847 cantu
407 1786 478 1847 et
541 1783 894 1847 luminibus
950 1783 1318 1847 clarescere.
1409 1782 1548 1865 ipse
1603 1802 1718 1865 per
1770 1781 1952 1846 licita
2009 1785 2202 1867 atque
2257 1782 2513 1848 inlicita

168 1868 442 1937 foedatus
502 1871 665 1936 nihil
731 1871 968 1957 flagitii
1032 1870 1383 1956 reliquerat
1448 1891 1574 1954 quo
1643 1869 2009 1954 corruptior
2071 1874 2320 1956 ageret,
2383 1870 2513 1937 nisi
2554 1886 2621 1935 15

165 1980 383 2041 paucos
453 1964 610 2044 post
670 1959 806 2025 dies
864 1960 977 2025 uni
1033 1981 1112 2024 ex
1167 1959 1286 2025 illo
1343 1958 1940 2025 contaminatorum
1995 1979 2191 2044 grege
2247 1962 2514 2044 (nomen

167 2045 569 2135 Pythagorae
615 2047 768 2134 fuit)
814 2049 886 2114 in
932 2049 1194 2115 modum
1234 2047 1647 2114 sollemnium
1685 2047 2137 2132 coniugiorum
2176 2048 2513 2133 denupsis-

169 2139 271 2201 set.
356 2139 641 2203 inditum
696 2138 1074 2223 imperatori
1128 2139 1528 2221 flammeum,
1581 2137 1708 2202 visi
1760 2136 2080 2221 auspices,
2136 2136 2252 2202 dos
2300 2141 2365 2201 et
2410 2157 2517 2223 ge-

166 2225 340 2291 nialis
396 2231 581 2293 torus
640 2230 705 2292 et
758 2226 934 2292 faces
988 2227 1345 2312 nuptiales,
1402 2229 1636 2292 cuncta
1690 2225 1964 2309 denique
2012 2228 2304 2310 spectata
2349 2248 2514 2310 quae

172 2314 352 2380 etiam
395 2317 468 2382 in
514 2316 761 2382 femina
806 2339 939 2382 nox
984 2318 1210 2402 operit.

166 2506 353 2563 vientes.
421 2515 510 2577 15,
552 2514 621 2564 38
651 2526 794 2578 pars
828 2525 1001 2577 mora,
1027 2526 1169 2578 pars
1203 2511 1278 2576 fe-

162 2578 377 2645 ειῷηαηε.

230 2717 319 2778 37.
386 2728 434 2776 3.
507 2722 573 2775 In
638 2722 781 2776 luxu
844 2722 1101 2791 famaque
1156 2722 1282 2776 sind

165 2790 288 2844 zwei
351 2791 622 2847 Ablative
694 2808 807 2847 von
878 2792 1283 2863 grammatisch

166 2861 582 2919 verschiedener
648 2862 983 2934 Bedeutung
1056 2864 1281 2918 koerdi-

169 2929 327 3003 niert,
364 2936 510 2990 statt
546 2935 705 3002 fama
734 2940 963 3005 propter
1000 2936 1210 2991 luxum.

227 3026 274 3075 4.
310 3024 674 3094 prodiyentia
711 3042 753 3078 s.
793 3041 862 3077 zu
901 3029 1222 3093 13,1‚16.

231 3114 275 3164 5.
314 3110 428 3166 Das
457 3111 663 3166 Bassin
692 3112 790 3166 des
822 3111 1094 3183 Agrippa,
1132 3115 1288 3168 sonst

167 3181 508 3251 unbekannt,
559 3183 658 3265 lag
694 3183 990 3238 vielleicht
1027 3183 1127 3237 auf
1159 3184 1287 3238 dem

170 3247 397 3332 Campus
446 3252 767 3324 Agrippae,
830 3251 1013 3309 einem
1059 3254 1287 3309 kleinen

168 3317 311 3378 Teile
381 3325 483 3380 des
546 3296 877 3380 Marsfeldes
940 3325 1123 3380 neben
1187 3326 1285 3379 der

168 3391 266 3447 Via
299 3394 597 3452 Flaminia.

235 3469 280 3520 6.
325 3471 543 3522 tractus
591 3466 727 3536 „das
766 3466 1026 3534 Ziehen“,
1073 3466 1131 3520 in
1169 3465 1285 3520 die-

168 3550 248 3588 ser
267 3509 624 3607 Bedeutung
633 3537 762 3592 sehr
797 3538 977 3592 selten
996 3537 1113 3591 und
1132 3537 1286 3591 dich-

168 3605 386 3677 teriseh,
448 3609 560 3663 wie
615 3607 772 3678 Virg
823 3608 1132 3679 Georg.3‚
1184 3613 1287 3663 183

169 3679 442 3748 tractaque
478 3684 769 3749 yementem
803 3680 950 3745 ferre
984 3684 1196 3735 rotam:

232 3770 280 3819 8.
332 3769 581 3824 volucres
638 3768 778 3822 statt
830 3784 955 3824 aves
999 3768 1077 3823 ist
1121 3785 1224 3821 m«
1209 3770 1292 3822 ..t

169 3837 432 3909 poetisch,
462 3840 612 3894 doch
640 3839 786 3893 auch
813 3838 924 3894 Cic.
959 3838 1030 3893 de
1059 3856 1137 3895 or.
1172 3845 1218 3906 1,
1240 3845 1289 3894 6.

235 3930 281 3979 9.
326 3928 579 3982 diversus
616 3927 943 3997 ‚,entlegen,
985 3927 1144 3982 fern“
1183 3926 1292 3982 wie

174 3997 327 4060 1,1‘1
373 3999 529 4053 trahi
574 3999 756 4054 adlme
803 3999 1047 4054 diversas
1090 3999 1155 4053 in
1190 4004 1293 4053 ter-

170 4034 279 4134 νᾶε,
303 4069 419 4123 und
450 4068 615 4125 bfter.
642 4101 709 4109 —
742 4070 985 4140 abusque
1010 4087 1118 4124 nur
1145 4070 1292 4124 noch

175 4140 263 4206 13,
299 4145 385 4194 47.
466 4140 663 4195 Zuerst
709 4139 804 4195 bei
853 4141 1008 4212 Virg.
1055 4143 1193 4196 Aen.
1245 4147 1293 4210 7,

174 4211 271 4261 288
326 4216 376 4264 et
436 4212 639 4266 laetum
692 4212 923 4268 Aenean
981 4245 1046 4253 -
1104 4184 1295 4268 Siculd

162 4284 450 4350 prospexit
516 4284 755 4352 abusque
821 4283 1115 4355 Pachyno;
1183 4300 1296 4339 von

276 4378 383 4420 Tac.
414 4380 590 4421 Annal.
622 4383 687 4423 ΙΙ.

2553 2332 2623 2381 20

1389 2508 1519 2563 dem
1564 2509 1778 2564 Rhetor
1824 2508 2036 2564 Seneca
2089 2508 2149 2562 111
2197 2509 2287 2563 die
2335 2507 2514 2564 Prosa

1386 2580 1841 2704 {ggssmmmen'
1879 2580 2029 2635 dann
2064 2579 2211 2635 auch
2243 2578 2339 2634 bei
2375 2579 2513 2649 Spa·

1465 2763 1548 2811 10.
1597 2745 1748 2810 Uber
1797 2756 1906 2810 den
1941 2757 2172 2812 Ablativ
2215 2758 2516 2828 crepidini-

1390 2828 1492 2882 bus
1530 2844 1570 2881 s.
1611 2826 1760 2882 Einl.
1799 2832 1846 2892 ἓ.
1877 2833 1961 2883 35.
2027 2826 2157 2898 Vgl.
2186 2828 2293 2898 ΚΡ.
2325 2833 2393 2882 38
2433 2829 2518 2884 la-

1393 2899 1601 2952 teribus
1636 2903 1738 2952 aut
1772 2898 1970 2965 fronte.

1467 3009 1550 3058 14.
1619 3005 1910 3059 clarescere
1972 3021 2102 3061 vom
2166 3005 2364 3060 Lichte
2378 3047 2393 3074 ,
2458 3006 2519 3060 111

1393 3076 1575 3130 dieser
1616 3074 1955 3146 Bedeutung
2003 3077 2132 3131 sehr
2175 3076 2355 3132 selten
2402 3077 2519 3131 und

1394 3149 1512 3202 erst
1553 3147 1633 3200 im
1671 3146 1797 3202 silb.
1838 3146 2067 3216 Latein,
2113 3147 2207 3202 bei
2243 3148 2374 3203 Tac.
2412 3165 2519 3204 nur

1393 3218 1540 3273 noch
1584 3217 1719 3274 dial.
1759 3224 1845 3273 36.
1922 3218 2091 3274 Sonst
2126 3219 2295 3274 heisst
2330 3236 2390 3275 es
2425 3220 2520 3276 bei

1393 3289 1516 3342 ihm
1554 3289 1856 3360 „beriihmt
1891 3291 2166 3345 werden“.

1469 3400 1552 3449 16.
1600 3400 1833 3452 comam.
1881 3413 2037 3466 9re9e
2072 3399 2217 3452 nach
2254 3399 2388 3455 Hor.
2429 3399 2519 3454 od.

1398 3472 1456 3535 1,
1502 3472 1598 3536 37,
1646 3472 1677 3520 9
1746 3469 2120 3522 contaminato
2184 3485 2306 3526 eum
2367 3486 2529 3540 yreqe

1396 3537 1647 3606 twrpium
1682 3539 1868 3593 morbo
1904 3540 2166 3594 virorum.

1472 3631 1556 3680 17.
1614 3626 1907 3694 denubere,
1965 3630 2111 3683 auch
2166 3635 2225 3697 6,
2271 3635 2341 3683 27
2398 3646 2521 3684 vor·

1289 3685 1297 3733 Ϊ
1364 3725 1379 3732 -
1397 3697 1728 3766 kommend‚
1765 3699 1843 3754 ist
1878 3700 2064 3754 zuerst
2097 3717 2209 3755 von
2246 3699 2390 3755 Ovid
2426 3716 2522 3769 ge·

1398 3768 1654 3824 braucht.
1743 3769 1809 3823 In
1864 3771 2185 3825 demselben
2242 3770 2523 3825 obscenen

1400 3837 1574 3893 Sinne
1619 3839 1713 3895 bei
1761 3841 1911 3895 Suet.
1959 3840 2109 3895 Nero
2148 3846 2213 3895 29
2261 3842 2355 3896 cui
2390 3841 2522 3910 (Do-

1399 3911 1668 3980 ryphoro)
1715 3914 1907 3979 etiam,
1951 3914 2096 3966 sicut
2139 3912 2252 3980 ipsi
2293 3911 2524 3979 SporuS,

1398 3982 1485 4037 ita
1527 3982 1643 4051 ipse
1687 3984 1971 4053 denupsit,
2026 3998 2178 4037 voces
2220 3998 2429 4052 quoque
2474 3989 2525 4038 et

1400 4053 1640 4108 eiulatus
1693 4057 1805 4109 vim
1851 4053 2186 4123 patientium
2239 4054 2523 4123 viminum

1400 4124 1668 4180 imitatem.

1477 4218 1560 4268 18.
1614 4216 1876 4283 auspices.
1952 4212 2007 4267 S.
2054 4232 2123 4268 zu
2172 4219 2267 4282 11,
2305 4219 2372 4269 27
2422 4232 2529 4270 au-

1400 4286 1612 4353 spiewm
1647 4287 1824 4341 verba.

2029 4380 2095 4429 13
