2867 4625
319 74 451 140 202
971 72 1321 129 CORNELII
1358 71 1609 128 TACITI
1646 70 2039 126 ANNALIUM

315 236 586 322 proinde
659 236 797 302 vita
870 257 1099 301 somno
1172 235 1505 320 languida,
1581 234 1971 310 Quintianus
2047 233 2324 298 mollitia
2391 232 2660 316 corporis

316 326 582 392 infamis
639 330 706 389 et
751 348 791 390 a
835 324 1093 391 Nerone
1142 325 1465 408 probroso
1510 324 1793 389 carmine
1841 322 2207 387 diffamatus
2255 321 2662 387 contumelias

211 429 279 479 15
316 415 527 479 ultum
572 414 727 479 ibat.

204 503 297 568 50
495 502 676 588 Ergo
732 503 884 567 dum
941 502 1183 567 scelera
1235 501 1576 586 principie,
1633 506 1701 565 et
1749 501 1942 565 finem
1988 500 2214 565 adesse
2257 500 2524 584 imperio
2571 499 2667 563 de-

315 592 772 678 ligendumque
829 592 939 675 qui
995 591 1184 656 fessis
1238 592 1431 656 rebus
1489 592 1914 675 succurreret,
1977 590 2149 653 inter
2213 610 2281 653 se
2343 593 2457 653 aut
2508 589 2668 653 inter

318 682 559 746 amicos
604 682 877 762 iaciunt,
933 680 1368 766 adgregavere
1417 677 1759 744 Claudium
1808 678 2252 761 Senecionem,
2307 675 2667 743 Cervarium

318 769 681 853 Proculum,
726 768 1102 834 Vulcatium
1149 767 1511 852 Araricum,
1557 768 1792 833 Iulium
1837 766 2268 853 Augurinum,
2313 765 2669 832 Munatium

241 873 279 921 5
319 856 620 941 Gratum,
666 857 1028 924 Antonium
1075 856 1409 942 Natalem,
1456 856 1772 921 Marcium
1817 855 2102 939 Festum,
2149 856 2398 940 equites
2442 854 2667 919 Roma·

316 969 456 1012 noe.
556 969 635 1012 ex
698 948 933 1032 quibus
1000 944 1295 1030 Senecio,
1361 968 1395 1011 e
1461 947 1811 1030 praecipua
1871 944 2316 1010 familiaritate
2379 942 2685 1027 Neronis,

318 1036 596 1120 speciem
638 1036 960 1101 amicitiae
998 1036 1198 1100 etiam
1236 1040 1375 1099 tum
1413 1036 1707 1100 retinens
1747 1056 1822 1100 eo
1858 1034 2154 1118 pluribus
2189 1033 2499 1117 periculis
2536 1054 2671 1097 con-

316 1124 705 1189 flictabatur.
794 1122 1051 1189 Natalis
1105 1125 1433 1208 particeps
1491 1124 1573 1188 ad
1630 1145 1821 1188 omne
1878 1126 2196 1188 secretum
2243 1122 2471 1188 Pisoni
2526 1123 2670 1205 erat⁷

319 1214 549 1279 ceteris
614 1236 764 1297 spes
828 1235 907 1277 ex
968 1214 1157 1278 novis
1221 1214 1415 1278 rebus
1479 1212 1841 1296 petebatur.
1941 1212 2224 1277 adscitae
2282 1215 2439 1276 sunt
2492 1232 2672 1294 super

211 1317 281 1367 10
322 1299 626 1367 Subrium
690 1306 758 1367 et
822 1301 1205 1386 Sulpicium,
1280 1302 1358 1367 de
1427 1302 1660 1387 quibus
1725 1301 1976 1384 rettuli,
2047 1300 2366 1365 militares
2434 1321 2671 1381 manus,

318 1389 559 1466 Gavius
608 1389 908 1456 Silvanus
964 1394 1031 1456 et
1078 1389 1328 1456 Statius
1381 1390 1725 1457 Proximus
1778 1389 2025 1454 tribuni
2080 1388 2447 1454 cohortium
2502 1409 2671 1473 prae-

317 1479 659 1563 toriarum,
725 1480 1048 1545 Maximus
1114 1477 1391 1545 Scaurus
1459 1483 1524 1544 et
1589 1478 1880 1544 Venetus
1945 1477 2189 1543 Paulus
2255 1478 2672 1543 centuriones.

319 1568 431 1632 sed
478 1590 802 1633 summum
847 1569 1046 1634 robur
1090 1569 1160 1634 in
1206 1567 1449 1634 Faenio
1492 1568 1666 1634 Rufo
1714 1567 2043 1652 praefecto
2093 1566 2448 1649 videbatur,
2498 1587 2674 1650 quem

317 1656 453 1721 vita
506 1655 808 1742 famaque
863 1657 1197 1722 laudatum
1245 1679 1362 1741 per
1409 1657 1750 1722 saevitiam
1797 1655 2376 1740 inpudicitiamque
2423 1654 2675 1740 Tigelli·

214 1761 279 1809 15
318 1766 440 1809 nus
487 1745 557 1809 in
605 1747 820 1811 animo
866 1746 1181 1830 principis
1239 1746 1557 1830 anteibat,
1611 1744 2064 1831 fatigabatque
2122 1743 2673 1809 criminationibus

321 1855 395 1897 ac
452 1854 644 1917 saepe
700 1834 771 1898 in
825 1837 1072 1899 metum
1131 1834 1486 1899 adduxerat
1532 1835 1715 1919 quasi
1763 1833 2128 1898 adulterum
2174 1832 2581 1918 Agrippinae
2622 1835 2677 1895 et

302 1921 634 1987 desiderio
701 1923 840 1989 eius
904 1924 1138 1988 ultioni
1199 1924 1544 1989 intentum.
1644 1923 1846 2009 igitur
1907 1922 2020 1987 ubi
2085 1922 2439 1987 coniuratis
2505 1941 2673 2006 prae-

319 2010 560 2074 fectum
625 2033 878 2096 quoque
940 2011 1253 2096 praetorii
1314 2013 1382 2076 in
1447 2014 1668 2095 partes
1732 2010 2138 2076 descendisse
2198 2010 2429 2076 crebro
2482 2009 2673 2094 ipsius

320 2120 614 2164 sermone
659 2100 835 2165 facta
879 2100 1059 2184 fides,
1103 2100 1474 2184 promptius
1519 2100 1655 2164 iam
1701 2101 1779 2165 de
1826 2104 2118 2183 tempore
2165 2121 2241 2164 ac
2285 2099 2434 2164 loco
2472 2098 2670 2163 caedis

207 2204 281 2251 20
322 2187 681 2272 agitabant.
784 2194 850 2253 et
912 2190 1159 2273 cepisse
1224 2189 1541 2273 impetum
1599 2187 1871 2254 Subrius
1925 2187 2163 2253 Flavus
2226 2187 2560 2252 ferebatur
2613 2187 2673 2250 in

318 2297 552 2341 scaena
598 2282 937 2344 canentem
974 2277 1304 2344 Neronem
1350 2277 1786 2364 adgrediendi,
1833 2280 1948 2342 aut
1991 2298 2137 2343 cum
2185 2276 2451 2342 ardente
2491 2277 2670 2342 domo

318 2386 431 2448 per
484 2370 741 2431 noctem
795 2367 924 2432 huc
978 2368 1137 2432 illuc
1191 2372 1485 2433 cursaret
1538 2366 1990 2433 incustoditus.
2080 2367 2189 2432 hic
2236 2367 2490 2431 occasio
2539 2364 2674 2430 soli-

318 2453 592 2539 tudinis,
658 2455 751 2519 ibi
815 2457 959 2539 ipsa
1022 2456 1397 2541 frequentia.
1449 2457 1619 2521 tanti
1683 2456 1931 2521 decoris
1995 2455 2184 2520 testis
2247 2454 2671 2538 pulcherrima

320 2543 607 2607 animum
674 2545 1272 2627 exstimulaverant,
1336 2545 1466 2609 nisi
1530 2544 1940 2629 impunitatis
1999 2544 2234 2628 cupido
2290 2543 2671 2620 retinuisset,

209 2648 279 2697 25
318 2632 576 2717 magnis
624 2654 878 2716 semper
923 2634 1262 2699 conatibus
1309 2634 1599 2699 adversa.

205 2721 294 2786 51
496 2718 768 2785 Interim
831 2722 1286 2787 cunctantibus
1353 2722 1961 2806 prolatantibusque
2035 2743 2214 2804 spem
2291 2717 2383 2786 ac'
2440 2723 2671 2784 metum

390 2917 473 2965 13.
524 2913 762 2968 mollitia
790 2915 931 2968 statt
947 2914 1230 2983 patientia
1239 2934 1261 2980 ;
1300 2932 1342 2968 s.
1372 2932 1442 2968 zu
1552 2912 1865 2984 Tigellinus
1916 2913 2025 2968 seit
2066 2913 2194 2967 dem
2231 2913 2405 2967 Jahre
2435 2919 2504 2967 62
2540 2913 2665 2966 Pra-

320 2987 383 3035 11
400 3024 414 3049 ,
453 2988 502 3037 2.
1550 2985 1673 3040 fekt
1712 2985 1811 3039 der
1846 2984 2221 3039 Pratorianer.

390 3059 470 3106 14.
520 3042 673 3108 Uber
711 3055 820 3108 den
849 3054 1147 3109 Gebrauch
1182 3073 1295 3110 von
1330 3056 1443 3123 dis·
1626 3060 1708 3112 15.
1757 3057 1821 3108 in
1867 3057 2053 3110 animo
2104 3086 2171 3094 -
2215 3055 2487 3119 anteibat,
2534 3067 2662 3108 nene

312 3124 528 3189 famare
565 3143 606 3178 s.
645 3143 714 3178 zu
755 3130 847 3192 14,
886 3131 972 3179 22.
1551 3126 1782 3193 Phrase,
1810 3126 1918 3180 wie
1950 3143 2009 3180 es
2032 3132 2116 3192 14,
2137 3130 2204 3180 51
2236 3125 2511 3180 ebenfalls
2542 3124 2669 3178 fiber

389 3198 471 3248 15.
520 3195 699 3249 ultum
733 3197 852 3248 ibat
888 3195 993 3250 wie
1032 3195 1138 3264 Kp.
1171 3202 1199 3249 1
1240 3197 1322 3251 ire
1357 3197 1443 3252 ul-
1553 3195 1866 3265 Tigellinus
1914 3196 2111 3251 heirst:
2157 3197 2400 3251 validior
2446 3197 2512 3250 in
2557 3194 2668 3250 ηπί-

309 3269 430 3317 tum
465 3266 663 3319 volens,
1550 3284 1638 3322 mo
1656 3269 1955 3337 principis.
2007 3273 2059 3335 4,
2081 3273 2147 3322 12
2175 3268 2375 3322 Prisca
2403 3269 2468 3322 in
2494 3267 2666 3321 animo

1238 3389 1250 3400 ,
1551 3339 1840 3407 Auyustae
1875 3339 2082 3393 valida.

345 3457 357 3468 ·
386 3386 483 3442 50.
524 3392 573 3441 3.
617 3389 933 3471 adyreyaoje,
962 3389 1134 3444 schon
1159 3390 1254 3445 be1
1282 3390 1443 3445 Klas-
1623 3415 1708 3463 20·
1749 3410 1813 3463 23„
1838 3424 2055 3474 wama,
2091 3407 2555 3463 wahrseheinflch
2581 3422 2666 3460 am

308 3458 519 3525 elkern,
553 3457 657 3513 hat
685 3461 844 3513 sonst
867 3476 1070 3514 immer
1099 3460 1285 3516 ausser
1313 3462 1445 3515 dem
1551 3480 1717 3534 Fegge
1767 3481 1867 3534 del.
1914 3496 2026 3535 von
2070 3478 2222 3534 Nero
2267 3479 2347 3533 im
2386 3479 2437 3535 J·
2467 3483 2533 3533 59
2578 3491 2666 3544 ge-

313 3526 617 3584 Accusativ
673 3530 765 3583 ein
821 3531 1188 3587 entfernteres
1235 3533 1445 3602 Objekt
1552 3550 1805 3604 gffifteten
1848 3551 2202 3606 Juvenalien‚
2277 3549 2330 3604 V
2368 3550 2408 3606 1,
2446 3549 2548 3618 ΚΡ.
2586 3552 2662 3601 33.

317 3598 511 3666 (Da-¹³iv
569 3600 657 3654 Od·
708 3600 753 3653 P
754 3605 934 3670 ffiPOS·
988 3604 1078 3685 ip,
1136 3605 1241 3687 {1935
1296 3604 1444 3658 auch
1624 3626 1711 3676 24.
1759 3622 2261 3676 eoestimulaverant.
2393 3637 2452 3675 er
2486 3615 2665 3673 Plural

315 3668 472 3723 Caes·
508 3670 564 3724 b·
604 3688 656 3740 8·
697 3677 756 3735 4⁹
796 3678 892 3740 26,
934 3679 961 3727 1
1011 3675 1090 3729 18¹·
1132 3691 1206 3728 228
1254 3693 1321 3728 ΖΠ
1358 3692 1441 3728 01⁸·
1553 3692 1695 3745 statt
1742 3692 1838 3746 des
1879 3692 2168 3762 Singulars
2214 3693 2361 3747 nach
2412 3689 2543 3744 zwei
2576 3704 2665 3758 ge-

313 3741 572 3823 ganzen),
612 3772 698 3824 ···‚
718 3741 832 3796 Del·
867 3742 1042 3826 Vstfl91'
1087 3745 1185 3799 ‘108
1222 3745 1444 3800 ⁴5¹0me
1550 3765 1743 3818 trennt
1761 3781 1828 3816 zu
1848 3763 2185 3817 denkenden
2207 3761 2531 3832 Subjekten‚
2564 3758 2663 3813 wie

318 3827 435 3864 war
468 3811 842 3866 ka1serhcher
878 3814 1358 3885 Fre1gelassener3
1398 3833 1442 3869 s.
1555 3833 1703 3888 oster
1737 3834 1832 3888 bei
1868 3835 2000 3889 Tac,
2069 3833 2122 3888 S,
2161 3853 2225 3888 20
2266 3839 2298 3888 3
2314 3876 2328 3902 ‚
2370 3838 2454 3887 62,

319 3898 386 3933 zu
424 3887 516 3948 13,
560 3888 643 3939 12.
717 3883 822 3938 Die
867 3884 947 3938 im
994 3887 1298 3955 folgenden
1350 3903 1445 3954 ge-

320 3954 567 4006 nannten
600 3952 889 4009 Personen
934 3956 1060 4009 sind
1097 3959 1254 4011 sonet
1288 3956 1446 4012 nicht
1625 3955 1722 4013 51.
1793 3962 1838 4012 1.
1896 3958 2286 4012 cunctantibus
2341 3959 2440 4011 ott.
2520 3953 2663 4008 Statt

319 4019 584 4076 bekannt.
1552 4027 1650 4081 des
1679 4027 1977 4082 absoluten
1998 4029 2258 4083 Ablativs
2287 4028 2458 4082 sollte
2485 4026 2661 4091 strong

391 4096 473 4143 10.
521 4109 721 4149 manus
765 4098 906 4151 statt
949 4098 1037 4152 vir
1087 4097 1307 4152 scheint
1342 4090 1441 4150 ἅπ.
1553 4114 1889 4167 genommen
1952 4099 2054 4152 der
2108 4098 2407 4154 Accusativ
2461 4096 2656 4159 eteberi,

320 4156 420 4225 ⁸29·
904 4189 911 4193 ·
1552 4169 2091 4224 iibereinstimmend
2166 4168 2273 4223 mit
2346 4170 2654 4225 coniuratos.

396 4234 480 4285 13.
546 4231 782 4291 Faenius
845 4238 1022 4294 Rufus
1094 4256 1211 4294 war
1279 4239 1444 4294 nebst
1552 4239 1681 4309 Vgl.
1712 4259 1779 4294 zu
1799 4241 1903 4310 ΚΡ.
1926 4246 1996 4295 30
2025 4246 2074 4296 et
2099 4242 2376 4312 royitante
2390 4255 2518 4310 rege
2540 4251 2659 4293 cau·
