2867 4625
196 612 284 676 29

196 1408 284 1472 30

204 2216 268 2264 1ss

304 96 433 160 112

959 95 1299 151 CORNELII
1334 94 1582 152 TACITI
1614 96 2009 152 ANNALIUM

300 260 553 324 detulit.
645 259 893 324 celebre
947 258 1118 323 inter
1172 263 1581 324 accusatores
1628 258 1889 323 Trionis
1945 261 2282 344 ingenium
2328 266 2469 326 erat
2512 261 2663 326 avi-

300 348 581 432 dumque
645 347 859 413 famae
923 348 1151 412 malae.
1241 348 1467 413 statim
1532 348 1800 430 corripit
1856 369 2066 432 reum,
2136 349 2273 413 adit
2330 349 2659 433 consules,

304 440 741 520 cognitionem
788 440 1055 501 senatus
1113 437 1345 520 poscit.
1435 439 1505 500 et
1556 440 1872 501 vocantur
1924 441 2172 522 patres,
2227 438 2445 503 addito
2500 459 2662 503 con-

304 524 679 589 enltendnin
726 547 922 609 super
968 546 1038 588 re
1086 545 1328 609 magna
1374 529 1443 589 et
1486 525 1709 590 atroci.

485 612 645 676 Libe
701 615 962 677 interim
1023 618 1202 678 veste
1257 616 1517 678 mutata
1571 634 1717 677 cum
1772 614 2167 696 primoribus
2221 613 2481 678 feminis
2529 616 2662 679 cir-

304 704 545 764 cumire
585 704 829 786 dumos,
876 724 1059 767 orare
1097 702 1360 787 adfines,
1396 722 1627 767 vocem
1664 702 2004 767 adversum
2039 703 2329 787 pericula
2365 724 2660 786 poscere,

304 792 736 856 abnuentibus
797 792 1075 874 cunctis,
1139 812 1287 855 cum
1346 790 1601 854 diversa
1659 790 2182 875 praetenderent,
2241 791 2463 855 eadem
2521 791 2666 856 for-

304 880 561 944 midine.
653 879 754 942 die
801 885 1067 944 senatus
1114 885 1292 943 metu
1340 883 1406 943 et
1453 879 1860 963 aegritudine
1904 879 2144 964 fessus,
2201 881 2336 945 sive
2391 883 2464 943 ut
2516 883 2661 944 tra-

232 980 264 1028 c
304 968 517 1032 didere
569 968 850 1052 qnidam,
897 969 1202 1033 simulato
1241 969 1491 1050 morb0,
1537 968 1767 1043 lectica
1806 968 2059 1032 delatus
2097 968 2178 1032 ad
2215 968 2388 1033 fores
2430 968 2657 1033 curiae

304 1320 645 1384 videretur.

300 1056 682 1140 innieneque
740 1055 929 1120 fratri
990 1060 1056 1120 et
1113 1077 1345 1120 manus
1405 1078 1482 1120 ac
1543 1057 1868 1141 supplices
1928 1077 2117 1121 voces
2178 1058 2259 1121 ad
2317 1056 2659 1121 Tiberium

300 1144 569 1208 tendene
621 1148 890 1209 immoto
938 1145 1074 1209 eius
1119 1146 1308 1210 vultu
1354 1144 1687 1229 excipitur.
1759 1167 1912 1209 mox
1948 1145 2211 1210 libellos
2251 1149 2317 1209 et
2351 1148 2659 1209 auctores

300 1236 537 1296 recitat
581 1232 823 1297 Caesar
865 1234 962 1298 ita
1008 1233 1380 1316 moderans,
1435 1254 1517 1296 ne
1572 1233 1773 1297 lenire
1820 1254 1981 1299 neve
2030 1255 2331 1318 asperare
2379 1233 2662 1298 crimina

485 1408 910 1474 Accesserant
963 1414 1224 1493 praeter
1269 1408 1574 1485 Trionem
1631 1413 1697 1473 et
1742 1408 1978 1475 Catum
2034 1414 2442 1475 accusatores
2487 1409 2666 1475 Fon-

307 1500 477 1560 teine
525 1497 820 1584 Agrippa
867 1502 933 1562 et
978 1495 1048 1564 O.
1084 1496 1340 1581 Vibius,
1386 1498 1849 1582 certabantque
1897 1499 2000 1563 cui
2046 1499 2147 1563 ius
2198 1498 2543 1584 perorandi
2587 1499 2669 1564 in

304 1608 489 1648 reum
525 1588 804 1670 deretur,
850 1586 1052 1651 donec
1089 1584 1345 1670 Vibius,
1391 1587 1547 1671 quia
1583 1607 1703 1650 nec
1738 1586 1866 1670 ipsi
1904 1588 2075 1652 inter
2119 1609 2188 1652 se
2235 1586 2668 1653 concederent

308 1680 377 1736 et
421 1672 585 1736 Libe
637 1675 774 1739 eine
819 1679 1096 1758 patrono
1150 1675 1517 1758 introisset,
1574 1675 1961 1760 singillatim
2010 1697 2079 1740 se
2125 1676 2397 1740 crimina
2444 1675 2667 1740 obiec-

236 1776 268 1820 c
306 1764 525 1824 tnrnin
573 1763 920 1846 professus,
964 1763 1241 1847 protulit
1284 1762 1541 1828 libellos
1588 1764 1936 1829 vaecordes
1984 1763 2162 1846 ade0‚
2206 1769 2284 1828 ut
2327 1765 2667 1829 consulta·

261 1917 264 1920 „
308 1852 473 1912 verit
517 1852 698 1934 Libo,
745 1874 829 1916 an
872 1852 1216 1916 habiturus
1263 1851 1434 1916 foret
1481 1873 1654 1937 opes,
1702 1853 1846 1936 quis
1891 1853 2069 1917 viam
2114 1853 2403 1937 Appiam
2449 1852 2666 1917 Brun-

308 1936 545 2000 dieinm
601 1961 803 2024 nsque
857 1940 1135 2024 pecunia
1181 1940 1481 2022 operiret.
1570 1941 1833 2005 inerant
1878 1945 1945 2005 et
1986 1941 2117 2006 alia
2161 1941 2429 2006 huiusce
2474 1940 2666 2006 modi

308 2028 547 2092 etclida
577 2050 759 2110 vena,
799 2029 856 2092 si
891 2028 1153 2092 mollius
1183 2029 1527 2113 acciperes,
1563 2029 1949 2094 miseranda.
2013 2052 2143 2094 uno
2171 2032 2396 2094 tamen
2426 2029 2660 2094 libello

304 2136 505 2180 ‘mann
573 2116 836 2182 Libonis
907 2117 1280 2181 nominibus
1345 2115 1702 2182 Caesarum
1777 2121 1892 2182 aut
1965 2124 2337 2183 senatorum
2400 2117 2661 2182 additas

308 2208 561 2268 etl-ecee
621 2204 722 2269 *cel
783 2205 1068 2270 occultas
1128 2209 1317 2270 notas
1380 2209 1721 2271 accusator
1781 2207 2114 2290 arguebat.
2203 2210 2486 2292 negante
2546 2229 2668 2272 reo

308 2292 776 2377 adgnoscentes
825 2316 1044 2359 servos
1091 2316 1208 2378 per
1253 2298 1579 2360 tormenta
1623 2295 2016 2381 interrogari
2063 2295 2331 2379 placuit.
2402 2299 2470 2360 et
2503 2295 2672 2380 quia

308 2389 525 2445 ’cetere
573 2386 838 2447 cenatus
875 2383 1174 2448 consulto
1215 2384 1511 2467 quaestio
1547 2383 1617 2447 in
1656 2385 1852 2467 caput
1888 2384 2137 2449 domini
2175 2384 2668 2469 prohibebatur,

308 2469 577 2533 callidae
645 2474 711 2535 ct
773 2471 924 2536 novi
995 2471 1157 2535 iuris
1223 2473 1518 2555 repertor
1582 2472 1883 2537 Tiberius
1947 2473 2304 2557 mancipari
2368 2474 2668 2558 singulos

308 2561 517 2621 actori
577 2560 833 2641 publico
890 2559 1106 2641 iubet,
1166 2560 1415 2625 scilicet
1468 2563 1543 2624 ut
1597 2560 1666 2623 in
1721 2560 2041 2626 Libonem
2098 2583 2176 2626 ex
2223 2562 2425 2627 servis
2472 2562 2666 2627 salvo

312 2785 419 2833 ceg
469 2769 585 2821 eich
633 2769 710 2821 im
755 2767 805 2822 J.
844 2774 913 2823 35
961 2768 1061 2822 der
1106 2768 1433 2824 drohenden

312 2837 573 2905 Auelege
613 2839 785 2893 durch
813 2837 1182 2894 Selbstmord.
1221 2837 1348 2909 Vgl.
1381 2845 1431 2907 6,

316 2913 401 2961 ΕΞ.
477 2909 581 2961 nin
637 2914 728 2977 58,
767 2913 836 2963 25
892 2911 1308 2979 κατηγορηθείς
1370 2929 1430 2964 τε

308 2977 613 3065 πκῗεῦἁθη
661 2979 760 3033 καὶ
803 2980 999 3041 δείσας
1047 2975 1258 3034 ἑαυτὸν
1295 2998 1430 3048 προ-

312 3065 665 3102 ΕπΕΗἛΕιἪΕἮ.

389 3145 473 3189 13.
515 3125 662 3193 tiber
697 3138 889 3191 addito
928 3154 969 3190 a.
1000 3136 1146 3191 Einl.
1178 3142 1222 3203 ξ.
1257 3142 1376 3193 112.

386 3233 469 3277 14.
509 3241 673 3293 cuper
690 3224 797 3279 wie
815 3229 866 3294 6,
889 3229 954 3278 16
975 3240 1241 3295 superque
1266 3243 1330 3281 ea
1358 3242 1430 3281 re.

316 3301 401 3361 11,
425 3301 489 3349 ΕΒ
521 3313 585 3349 ec
613 3312 775 3365 caper
799 3311 858 3350 re
884 3295 996 3349 und
1029 3294 1189 3352 oster.
1248 3296 1434 3366 Schon

312 3369 405 3421 hei
441 3365 633 3421 Cicero
670 3367 730 3420 in
768 3366 876 3420 den
909 3364 1152 3435 Briefen,
1192 3366 1281 3423 ad.
1311 3367 1432 3421 Att.

315 3441 413 3505 m,
453 3441 513 3505 S,
557 3445 621 3489 11]
657 3438 750 3491 sed
794 3437 898 3491 hac
943 3453 1109 3505 super
1155 3454 1215 3492 re
1248 3439 1430 3495 nimis.

316 3509 481 3561 Fehlt
517 3509 653 3561 aber
690 3504 783 3563 bei
820 3505 1003 3564 Casar.

385 3593 481 3649 ΞΗ.
533 3601 581 3649 2.
637 3606 812 3651 vocem
862 3598 1003 3650 statt
1051 3597 1433 3663 defensionem.

308 3665 437 3733 vgl.
473 3665 593 3721 Lic.
625 3672 708 3733 45,
740 3672 806 3720 10
845 3669 1192 3723 accusatoria
1225 3685 1348 3724 vox.

385 3761 433 3809 Ε.
485 3753 617 3809 Hein
661 3750 874 3809 Bruder
917 3753 977 3809 L.
1014 3753 1152 3810 Libo
1204 3774 1322 3810 war
1371 3758 1434 3810 in

312 3825 413 3877 tier
449 3825 633 3881 ereten
672 3824 863 3879 Hclfte
911 3826 1010 3880 des
1046 3826 1246 3881 Jahres
1283 3828 1431 3882 Kon-

312 3893 405 3949 eul
441 3912 714 3965 geweeen.
755 3926 820 3936 —
859 3913 1058 3952 manus
1085 3928 1155 3937 —
1191 3899 1430 3953 tendens,

312 3969 425 4021 Dae
481 3969 727 4033 zeugma
775 3966 853 4021 ist
901 3968 1047 4021 nach
1085 3967 1242 4037 Virg.
1291 3971 1428 4025 Aen.

312 4045 365 4101 3,
401 4045 497 4089 ΠΕ
537 4037 798 4106 tendoque
832 4038 1068 4109 supinas
1104 4040 1180 4094 ad
1224 4040 1434 4093 caelum

312 4125 433 4161 enm
469 4121 593 4161 cece
633 4124 843 4163 manus.
918 4100 1165 4163 Ahnlich
1201 4108 1276 4163 ist
1303 4127 1432 4164 ann.

312 4185 365 4241 3,
397 4185 461 4229 35
501 4193 625 4233 cem
661 4194 827 4246 voces,
864 4195 986 4233 cum
1021 4195 1220 4235 manus
1254 4182 1432 4235 inten-

316 4253 509 4301 tarent.
577 4249 755 4303 Daffir
791 4252 920 4319 sagt
960 4249 1085 4305 Cas.
1116 4250 1166 4306 b.
1196 4267 1251 4319 g.
1280 4256 1332 4318 2,
1364 4256 1429 4304 13

1539 2785 1742 2824 manus
1777 2771 1853 2824 ad
1883 2768 2166 2825 Gaesoerem
2201 2771 2416 2825 tendere
2452 2776 2503 2825 et
2538 2786 2672 2827 voce

1540 2840 1858 2967 εἰρέὅβσαῖθ
1893 2846 2197 2981 cssgplebztssag.
2242 2910 2386 2965 wird
2450 2928 2520 2982 cp
2591 2917 2670 2968 86

1540 2997 1652 3036 von
1688 2980 1947 3036 Tiberius
1982 2982 2205 3051 belobt,
2242 2982 2374 3036 weil
2409 2999 2471 3037 er
2506 2983 2674 3038 seine

1541 3052 1790 3107 Tochter
1863 3069 1959 3105 zur
2022 3052 2281 3107 Vestalin
2351 3052 2671 3109 bestimmt.

1540 3122 1758 3188 Vibius,
1794 3123 1873 3176 im
1894 3123 1946 3178 J.
1970 3129 2038 3178 23
2074 3124 2220 3178 nach
2249 3123 2525 3194 Amorgos
2568 3126 2673 3180 de-

1539 3193 1794 3263 portiert,
1840 3194 1982 3248 wird
2008 3195 2086 3248 im
2113 3195 2163 3249 J.
2196 3198 2267 3248 24
2302 3211 2413 3250 von
2451 3194 2675 3250 seinem

1540 3264 1777 3388 eigkelnen
1806 3263 1993 3319 Sohne
2021 3265 2120 3320 des
2148 3263 2532 3320 Hochverrats
2564 3282 2674 3320 au-

1540 3351 1613 3404 ge
1678 3337 1794 3404 agt.

1613 3409 1662 3459 8.
1704 3421 1817 3460 ωηο
1855 3406 1996 3460 statt
2030 3407 2096 3460 in
2129 3422 2258 3461 uno,
2314 3405 2468 3460 Einl.
2496 3412 2544 3473 §-
2576 3413 2675 3465 35.

1615 3481 1698 3529 10.
1749 3481 1957 3531 atroces
2000 3477 2550 3544 ‚,verbrecherisch“.
2596 3509 2673 3519 —

1541 3548 1784 3601 occultas
1820 3546 2327 3618 „geheimnisvoll“
2363 3547 2482 3602 und
2518 3548 2675 3603 eben

1541 3616 1777 3671 deshalb
1816 3618 2163 3687 verdachtig.

1616 3694 1698 3742 12.
1727 3690 1971 3758 quaestio
1997 3690 2062 3743 in
2088 3693 2259 3758 caput
2284 3690 2511 3747 domini.
2534 3690 2676 3759 Vgl.

1543 3756 1654 3813 Cic.
1692 3775 1796 3828 pro
1842 3758 1962 3814 Mil.
2009 3765 2077 3813 22
2143 3761 2210 3814 de
2271 3762 2441 3815 servis
2501 3762 2678 3817 nulla

1542 3829 1652 3898 leye
1695 3832 1938 3899 quaestio
1984 3835 2061 3885 est
2107 3832 2172 3884 in
2216 3831 2499 3886 dominum
2552 3833 2679 3887 nisi

1540 3900 1607 3954 de
1670 3900 1898 3955 incestu.
1981 3902 2143 3955 Doch
2196 3900 2466 3957 kommen
2520 3904 2676 3957 Aus-

1540 3970 1784 4024 nahmen
1830 3988 1960 4039 vor,
2003 3971 2110 4026 wie
2155 3970 2217 4025 in
2264 3973 2391 4027 dem
2439 3972 2672 4029 Prozefs

1542 4056 1728 4109 gegen
1763 4041 1872 4096 die‘
1895 4040 2267 4097 Catilinarier.

1615 4116 1701 4165 13.
1746 4118 1989 4180 repertor
2034 4112 2180 4166 auch
2215 4118 2277 4181 4,
2319 4119 2403 4167 11.
2446 4119 2511 4168 ⁷1
2551 4115 2677 4169 und

1542 4182 1716 4235 schon
1752 4181 1847 4237 bei
1884 4181 2111 4238 Sallust.

1616 4256 1700 4306 14.
1737 4251 1852 4307 Der
1870 4258 2022 4308 actor
2030 4254 2310 4323 publicus,
2332 4254 2426 4309 ein
2446 4254 2672 4310 Staats-
