2867 4625
1052 99 1270 156 LIBER
1306 100 1349 157 Ι.
1425 100 1584 158 CAP.
1622 107 1851 160 52—54.
2543 103 2628 167 75

269 262 691 329 interfectum
756 262 1138 329 Postumum
1185 262 1551 349 Agrippam
1609 264 1819 329 omnis
1877 266 2017 350 spei
2071 286 2342 351 egenam
2407 265 2632 350 inopia

270 374 347 417 ac
383 351 540 417 tabe
577 352 783 438 longa
810 351 1102 437 peremit,
1129 352 1488 418 obscuram·
1511 352 1653 418 fore
1681 374 1909 419 necem
1945 354 2425 439 longinquitate
2454 354 2631 419 exilii

268 443 472 505 ratus

582 463 705 526 par
771 462 968 506 causa
1032 441 1341 506 saevitiae
1404 441 1477 505 in
1543 439 1997 526 Sempronium
2061 442 2452 522 Gracchum,
2518 442 2629 528 qui

266 528 527 594 familia
589 529 824 613 nobili,
904 530 1134 595 sollers
1200 529 1463 614 ingenio
1537 533 1603 595 et
1673 551 1874 614 prave
1941 530 2290 616 facundus,
2360 531 2631 597 eandem
2654 548 2719 597 10

271 617 512 683 Iuliam
576 619 647 683 in
710 619 1123 684 matrimonio
1179 616 1386 684 Marci
1440 617 1777 704 Agrippae
1841 623 2289 685 temeraverat.
2397 641 2516 685 nec
2575 619 2631 685 is

269 706 530 772 libidini
594 706 776 772 finis:
839 707 1150 773 traditam
1213 706 1478 773 Tiberio
1538 708 1839 792 pervicax
1901 708 2157 774 adulter
2222 708 2630 774 contumacia

269 799 334 860 et
401 795 570 861 odiis
632 796 702 860 in
758 796 1060 861 maritum
1116 796 1532 881 accendebat3
1592 796 1975 881 litteraeque
2021 818 2182 880 quas
2227 796 2398 863 Iulia
2452 797 2631 881 patri

267 883 580 969 Augusto
617 905 764 949 cum
801 884 1227 950 insectatione
1254 882 1500 949 Tiberii
1530 884 1807 969 scripsit,
1837 908 1876 950 a
1904 884 2197 952 Graccho
2227 886 2628 970 compositae

267 972 724 1038 credebantur.
822 973 1026 1058 igitur
1080 977 1338 1039 amotus
1393 971 1760 1059 Cercinam,
1808 973 2018 1039 Africi
2071 976 2272 1040 maris
2327 974 2632 1059 insulam,
2654 983 2720 1034 15

268 1061 793 1145 quattuordecim
841 1062 1031 1126 annis
1078 1061 1341 1126 exilium
1376 1063 1698 1128 toleravit.
1770 1066 1926 1128 tunc
1966 1063 2206 1128 milites
2246 1062 2327 1128 ad
2365 1061 2626 1127 caedem

269 1150 454 1214 missi
502 1151 804 1215 invenere
850 1151 919 1215 in
964 1151 1358 1235 prominenti
1395 1150 1631 1234 litoris,
1677 1151 1845 1216 nihil
1882 1151 2127 1216 laetum
2167 1151 2627 1237 opperientem.

266 1260 547 1323 quorum
615 1238 895 1304 adventu
957 1239 1153 1305 breve
1216 1242 1475 1323 tempus
1528 1240 1795 1324 petivit,
1850 1243 1925 1304 ut
1970 1261 2274 1325 suprema
2319 1239 2629 1305 mandata

267 1327 456 1392 uxori
516 1327 827 1392 Alliariae
880 1349 1000 1412 per
1062 1327 1313 1393 litteras
1361 1327 1572 1406 daret,
1636 1328 2076 1412 cervicemque
2137 1329 2628 1413 percussoribus

264 1415 543 1497 obtulit,
599 1416 970 1482 constantia
1023 1417 1254 1483 mortis
1308 1415 1486 1482 haud
1540 1417 1846 1500 indignus
1896 1415 2280 1502 Sempronio
2335 1418 2627 1484 nomine:
2648 1435 2717 1486 20

265 1504 407 1569 vita
474 1504 994 1589 degeneraverat.
1105 1503 1365 1589 quidam
1423 1526 1554 1571 non
1611 1504 1820 1570 Roma
1878 1527 1990 1571 eos
2051 1506 2318 1589 milites,
2374 1505 2487 1571 sed
2544 1506 2628 1571 ab

263 1591 336 1656 L.
397 1592 767 1678 Asprenate
830 1615 950 1679 pro
1016 1593 1278 1659 consule
1342 1592 1606 1659 Africae
1672 1595 1910 1660 missos
1976 1594 2299 1660 tradidere
2364 1598 2627 1660 auctore

263 1679 560 1760 Tiberio,
605 1682 718 1765 qui
773 1681 1016 1748 famam
1071 1681 1286 1747 caedis
1331 1703 1526 1766 posse
1572 1684 1642 1748 in
1689 1682 2122 1766 Asprenatem
2170 1683 2338 1749 verti
2384 1683 2628 1748 frustra

264 1775 661 1853 speraverat.

444 1856 622 1922 Idem
692 1880 897 1924 annus
961 1878 1164 1924 novas
1229 1858 1658 1924 caerimonias
1725 1859 1972 1943 accepit
2027 1858 2247 1925 addito
2304 1858 2622 1924 sodalium
2645 1861 2735 1927 54

260 1946 732 2031 Augustalium
788 1947 1174 2030 sacerdoti0‚
1230 1950 1304 2012 ut
1357 1945 1687 2031 quondam
1742 1945 1929 2012 Titus
1985 1947 2212 2012 Tatius
2267 1946 2625 2012 retinendis

259 2031 659 2099 Sabinorum
732 2034 934 2101 sacris
1008 2035 1262 2100 sodales
1326 2034 1535 2099 Titios
1599 2035 1993 2100 instituerat.

2104 2039 2280 2100 sorte
2348 2034 2524 2100 ducti
2590 2057 2625 2099 e

257 2122 657 2207 primoribus
722 2123 1007 2189 civitatis
1070 2145 1236 2188 unus
1302 2126 1370 2188 et
1433 2123 1698 2209 viginti:
1763 2123 2058 2188 Tiberius
2112 2124 2491 2207 Drususque
2553 2127 2621 2187 et

256 2209 575 2277 Claudius
640 2214 706 2275 et
768 2210 1190 2276 Germanicus
1248 2210 1634 2277 adiciuntur.

252 2300 546 2385 primum
585 2304 850 2385 coeptos
886 2301 1178 2366 turbavit
1211 2300 1533 2366 discordia
1570 2323 1648 2367 ex
1685 2300 2037 2366 certamine
2072 2300 2479 2367 histrionum.
2525 2300 2624 2365 in·

258 2388 558 2454 dulserat
594 2390 654 2454 ei
690 2388 940 2455 ludicro
979 2389 1332 2475 Augustus,
1378 2388 1532 2453 dum
1570 2388 1935 2455 Maecenati
1971 2390 2378 2474 obtemperat
2415 2389 2619 2453 effuso

257 2477 334 2541 in
380 2499 670 2542 amorem
715 2476 1036 2562 Bathylli3
1090 2500 1300 2562 neque
1344 2477 1486 2563 ipse
1531 2478 1930 2543 abhorrebat
1983 2478 2225 2543 talibus
2274 2477 2505 2542 studiis
2554 2480 2621 2541 et

260 2743 549 2808 audebat
596 2742 680 2808 ad
727 2743 991 2809 duriora
1038 2746 1304 2809 vertere.

337 2923 387 2973 7.
441 2916 557 2971 Der
598 2916 779 2988 junge
816 2917 1071 2988 Agrippa
1117 2918 1274 2972 ward
1327 2922 1394 2972 14

264 3006 324 3044 n.
363 2988 495 3043 Chr.
534 2988 830 3044 ermordet.
970 3059 981 3070 ο

334 3064 387 3185 ξζ
406 3059 608 3185 ἔξέἕὲι
673 3061 1013 3185 ,ᾘὶέξέἒ
1033 3059 1395 3200 εέἰεῖῗέἓῑζ

258 3200 535 3256 bekannt.
1224 3246 1231 3261 ‚

340 3277 425 3326 11.
479 3277 742 3328 temerare
801 3270 1198 3342 urspn'inglich
1258 3286 1390 3340 poe-

259 3342 431 3409 ticen,
465 3341 576 3397 seit
596 3342 792 3397 Livius
825 3343 970 3398 auch
997 3342 1057 3396 in
1081 3343 1180 3398 der
1201 3341 1390 3397 Prosa.

339 3419 424 3469 13.
454 3415 745 3470 accendere
772 3414 914 3469 statt
933 3414 1235 3483 incendere,
1263 3412 1394 3469 wel·

265 3485 403 3539 ches
459 3483 656 3539 Cicero
708 3484 874 3539 dafi‘ir
935 3485 994 3539 in
1043 3484 1391 3554 tropischem

269 3554 443 3611 Sinne
481 3556 811 3625 gebraucht.

340 3631 425 3683 15.
465 3626 702 3683 Cercina
743 3627 824 3683 im
861 3625 1194 3682 nordlichen
1231 3624 1389 3681 Teile

262 3698 365 3753 der
434 3698 667 3754 kleinen
730 3697 918 3768 Syrte,
993 3696 1217 3753 siidlich
1277 3712 1391 3752 von

262 3769 543 3840 Thapsus.

337 3846 424 3897 16.
473 3841 658 3896 armis.
750 3838 864 3895 Der
898 3838 1130 3899 Ablativ
1181 3840 1389 3894 ebenso

260 3911 358 3967 bei
396 3910 512 3967 Cic.
552 3911 624 3966 de
650 3910 767 3967 div.
799 3915 846 3979 1,
878 3915 944 3965 19
981 3910 1170 3965 multia
1202 3924 1389 3965 saecu·

260 3983 333 4040 lis
367 3999 559 4039 verum
593 3983 766 4049 titisse
800 3982 863 4036 id
897 3982 1201 4037 oraculum.

330 4059 419 4111 17.
456 4055 523 4111 in
548 4052 891 4124 prominenti
925 4053 1123 4118 litoris,
1157 4049 1264 4106 wie
1304 4055 1388 4119 12,

264 4129 331 4182 56
379 4131 512 4196 post
564 4125 797 4181 multum
850 4124 1154 4179 vulnerum.
1241 4108 1391 4177 Uber

264 4195 418 4253 diese
471 4197 688 4252 seltene
751 4193 867 4249 und
928 4192 1390 4249 nachklassische

264 4266 682 4323 Konstruktion
709 4282 751 4322 s.
772 4263 917 4321 Einl.
945 4270 992 4332 §.
1007 4271 1078 4320 40
1102 4282 1196 4320 am
1212 4265 1388 4323 Ende.

14 4525 603 4573 Q
616 4570 665 4573 --.

138 2578 163 2599 ’
256 2565 453 2632 civile
493 2567 764 2631 rebatur
807 2567 1065 2632 misceri
1110 2567 1555 2652 voluptatibus
1593 2566 1793 2650 vulgi.
1875 2565 2007 2630 alia
2051 2565 2310 2630 Tiberio
2361 2586 2617 2629 morum

256 2655 398 2736 via,
466 2654 579 2719 sed
640 2656 950 2739 populum
1009 2676 1125 2739 per
1187 2658 1292 2720 tot
1355 2676 1562 2720 annos
1626 2653 1912 2720 molliter
1974 2653 2268 2718 habitum
2332 2652 2713 2719 nondum10

1573 2921 1660 2973 20.
1699 2916 1779 2972 Zu
1822 2916 1948 2971 dem
1992 2915 2368 2986 patrizischen
2405 2914 2623 2985 Zweige

1502 2987 1603 3042 der
1665 3003 1806 3058 gens
1869 2986 2197 3057 Sempronia
2267 2987 2469 3042 hatten
2533 2985 2624 3040 die

1502 3058 1794 3114 Gracchen
1829 3058 2046 3128 gehort.

1572 3135 1659 3184 22.
1684 3130 1968 3198 Asprenas
1993 3127 2072 3183 ist
2104 3127 2377 3195 derselbe‚
2412 3126 2513 3181 der
2541 3123 2624 3180 als

1499 3200 1683 3270 Legat
1710 3216 1809 3256 aus
1838 3199 1938 3254 der
1956 3197 2363 3254 Varianischen
2388 3195 2623 3252 Nieder·

1500 3271 1632 3340 lage
1669 3270 2035 3325 entkommen
2069 3287 2204 3326 war.

1572 3339 1668 3398 54.
1706 3347 1757 3397 2.
1786 3339 2060 3411 Dagegen
2097 3342 2226 3411 sagt
2252 3339 2480 3396 Tacitus
2517 3338 2623 3393 irr—

1499 3413 1739 3468 tfimlich
1792 3412 1926 3468 hist.
1983 3416 2044 3479 2,
2102 3416 2195 3479 95,
2256 3427 2343 3465 wo
2416 3425 2478 3464 er
2529 3408 2622 3464 die

1498 3482 1841 3554 Augustales
1880 3482 2152 3537 ebenfalls
2188 3479 2459 3548 erwahnt,
2496 3479 2620 3535 dass

1499 3553 1772 3609 Romulus
1811 3552 1922 3608 den
1958 3551 2165 3608 Kultus
2212 3553 2311 3608 der
2346 3549 2487 3607 Titii
2521 3566 2620 3622 ge-

1497 3625 1747 3749 prundet
1772 3624 1938 3680 habe.
1994 3622 2155 3678 Doch
2224 3623 2237 3635 ⁶
2265 3624 2293 3677 t
2319 3621 2413 3677 die
2442 3622 2620 3678 Stelle

1522 3701 1606 3750 ῆι*
1622 3695 1847 3750 unecht.
1885 3724 1955 3735 -
1991 3681 2143 3748 Uber
2218 3711 2291 3750 en
2317 3692 2492 3749 Dativ
2521 3693 2620 3748 des

1498 3764 1906 3822 Gerundivums
1944 3783 1985 3820 s.
2023 3763 2171 3820 Einl.
2209 3771 2258 3833 §-
2301 3770 2421 3829 109,
2459 3765 2513 3819 b.

1571 3841 1619 3892 7.
1651 3823 1803 3891 Uber
1827 3837 1960 3891 dmm
1984 3836 2092 3891 mit
2115 3835 2376 3892 kausaler
2392 3833 2620 3890 Neben-

1496 3908 1822 3978 bedeutung
1860 3925 1902 3962 s.
1931 3906 2077 3962 Einl.
2115 3913 2162 3973 §-
2202 3912 2290 3963 90.

1570 3985 1619 4035 8.
1681 3979 1796 4035 Der
1859 3978 2251 4047 Schauspieler
2321 3975 2619 4045 Bathyllus

1497 4050 1640 4104 wird
1676 4051 1823 4105 auch
1859 4067 1970 4106 von
2007 4050 2117 4104 den
2163 4046 2369 4104 beiden
2404 4046 2621 4101 Seneca

1500 4121 1768 4176 erwahnt.
1808 4151 1876 4162 —-
1914 4121 2202 4176 abhorrere
2237 4118 2343 4173 mit
2378 4115 2619 4173 blossem

1499 4190 2081 4261 Ablativ(oderDativ)
2092 4190 2170 4244 ist
2178 4186 2616 4244 nachklassisch.

1574 4267 1657 4317 10.
1677 4262 1873 4317 habere
1899 4258 2306 4330 ‚‚behandeln“‚
2336 4258 2443 4313 wie
2470 4257 2616 4313 Plin.

1751 2211 1938 2277 ludos
2004 2212 2398 2296 Augustales
2462 2215 2676 2277 tunc5

2829 3770 2834 3873 μ

2827 3886 2832 3987 2¹

2825 3990 2830 4079 1

2837 3526 2838 3561 1

2835 3564 2838 3601 i
