2867 4625
946 65 1168 122 LIBER
1203 65 1349 121 xlv,
1399 64 1558 123 CAP.
1596 71 1827 122 60—62.
2445 64 2573 131 165

202 231 588 314 mutataque
634 251 801 315 quae
846 251 964 315 per
1008 229 1392 297 seditionem
1437 232 1796 314 verterant,
1850 232 1918 294 et
1959 227 2306 313 Poppaeae
2357 227 2572 297 honos

204 319 539 403 repositus
587 323 702 384 est.
795 340 958 404 quae
1005 340 1260 403 semper
1305 319 1484 404 odio,
1535 322 1676 385 tum
1724 322 1790 383 et
1835 321 2013 383 metu
2062 322 2276 402 atrox,
2327 339 2410 383 ne
2459 321 2573 383 aut

202 407 389 493 vulgi
436 407 647 473 acrior
690 409 789 474 vis
842 409 1173 495 ingrueret
1219 410 1334 474 aut
1377 407 1442 474 N
1447 429 1556 474 ero
1611 407 2037 473 inclinatione
2091 406 2319 493 populi
2364 409 2573 472 muta·

199 501 405 582 retur,
449 497 796 581 provoluta
842 498 1117 584 genibus
1164 497 1332 582 eius,
1385 519 1523 564 non
1568 518 1645 563 eo
1692 497 1820 565 loci
1866 517 1971 562 res
2020 517 2172 563 suas
2219 496 2329 582 agi
2372 500 2449 561 ut
2492 497 2571 561 de
2612 511 2680 560 10

199 586 623 651 matrimonio
669 588 899 670 certet,
955 607 1348 671 quamquam
1401 586 1470 651 id
1526 586 1652 651 sibi
1705 587 1843 653 vita
1896 585 2142 670 potius,
2198 585 2314 650 sed
2365 586 2572 650 vitam

197 675 417 760 ipsam
464 675 536 741 in
574 678 932 741 extremum
971 675 1319 756 adductam
1357 698 1397 741 a
1440 675 1764 741 clientelis
1810 677 1878 741 et
1920 674 2203 740 servitiis
2241 674 2574 759 Octaviae,

198 786 370 848 quae
426 763 640 848 plebis
687 764 816 831 sibi
860 786 1101 831 nomen
1153 764 1532 849 indiderint,
1591 786 1670 830 ea
1721 764 1792 828 in
1846 786 2007 849 pace
2055 763 2197 829 ausi
2252 785 2418 848 quae
2463 764 2574 828 vix

198 853 380 919 bello
428 853 774 919 evenirent.
857 875 1041 919 arma
1085 854 1200 920 illa
1245 854 1556 920 adversus
1602 852 1961 938 principem
2009 856 2295 940 sumpta3
2341 853 2570 918 ducem

196 945 460 1008 tantum
510 940 816 1026 defuisse,
872 943 984 1028 qui
1028 944 1228 1009 motis
1275 944 1470 1010 rebus
1524 941 1718 1008 facile
1765 942 2187 1028 reperiretur,
2241 942 2572 1007 omitteret
2610 957 2677 1006 15
2763 1020 2769 1026 ⁵

199 1031 401 1097 modo
443 1028 870 1116 Campaniam
917 1036 985 1098 et
1027 1031 1099 1097 in
1135 1033 1365 1098 urbem
1410 1033 1557 1117 ipsa
1600 1035 1929 1116 pergeret,
1976 1030 2059 1097 ad
2105 1031 2286 1096 euius
2332 1035 2568 1097 nutum

200 1120 496 1186 absentis
560 1122 879 1186 tumultus
945 1121 1280 1188 cierentur.
1375 1122 1548 1206 quod
1612 1121 1903 1205 alioquin
1962 1142 2152 1185 suum
2215 1119 2568 1186 delictum?

200 1230 403 1295 quam
449 1208 831 1293 cuiusquam
876 1210 1343 1277 offensionem?
1415 1233 1503 1276 an
1557 1211 1710 1295 quia
1754 1231 1975 1277 veram
2028 1209 2403 1295 progeniem
2458 1231 2567 1294 pe-

197 1298 470 1363 natibus
498 1295 851 1364 Caesarum
889 1299 1124 1365 datura
1152 1300 1255 1385 sit,
1292 1300 1487 1366 malle
1523 1300 1840 1385 populum
1866 1299 2235 1364 Romanum
2273 1298 2566 1364 tibicinis

197 1386 527 1474 Aegyptii
572 1388 869 1454 subolem
913 1388 1332 1473 imperatorio
1377 1388 1647 1474 fastigio
1694 1388 1959 1454 induci?
2033 1387 2336 1473 denique,
2391 1388 2447 1452 si
2498 1387 2565 1452 id
2604 1402 2673 1452 20

195 1475 399 1541 rebus
464 1476 808 1562 conducat,
871 1476 1084 1545 libens
1148 1500 1345 1563 quam
1409 1481 1673 1544 coactus
1738 1478 1978 1543 acciret
2041 1475 2402 1561 dominam,
2464 1478 2565 1542 vel

199 1565 575 1633 consuleret
618 1566 951 1631 securitati
995 1568 1168 1633 iusta
1211 1568 1483 1634 ultione.
1546 1570 1614 1632 et
1657 1566 1933 1634 modicis
1974 1565 2273 1631 remediis
2319 1565 2567 1651 primos

196 1657 423 1720 motus
469 1654 865 1756 consedisse3
922 1658 992 1720 at
1037 1655 1094 1721 si
1149 1656 1494 1742 desperent
1536 1677 1804 1722 uxorem
1848 1653 2132 1722 Neronis
2186 1655 2330 1720 fore
2375 1653 2567 1720 Octa-

198 1743 408 1825 viam,
452 1742 554 1807 illi
597 1743 906 1809 maritum
954 1745 1237 1813 daturos.

383 1830 623 1898 Varius
670 1854 883 1899 sermo
926 1836 994 1900 et
1030 1833 1112 1899 ad
1150 1837 1397 1899 metum
1433 1837 1629 1919 atque
1665 1835 1835 1900 iram
1872 1833 2401 1900 accommodatus
2436 1836 2564 1898 ter·
2585 1833 2673 1898 62

197 1921 339 1987 ruit
385 1920 581 1986 simul
628 1921 994 1987 audientem
1043 1926 1109 1989 et
1154 1923 1463 1989 accendit.
1546 1922 1659 1989 sed
1695 1945 1925 2008 parum
1967 1921 2231 1988 valebat
2279 1921 2564 2006 suspicio

199 2010 277 2076 in
323 2031 513 2075 servo
560 2013 629 2075 et
673 2011 1159 2095 quaestionibus
1208 2012 1593 2085 ancillarum
1639 2012 1823 2077 elusa
1869 2015 2026 2077 erat.
2110 2032 2265 2097 ergo
2314 2010 2566 2076 confes-

200 2099 457 2165 sionem
504 2099 774 2165 alicuius
822 2100 1044 2184 quaeri
1089 2102 1329 2185 placet,
1374 2101 1481 2167 cui
1524 2122 1742 2167 rerum
1786 2121 2041 2185 quoque
2085 2121 2401 2165 novarum
2447 2100 2566 2164 cri-

198 2209 355 2253 men
413 2186 866 2273 adfingeretur.
958 2193 1026 2254 et
1076 2190 1254 2256 visus
1308 2190 1580 2256 idoneus
1636 2192 1970 2255 maternae
2028 2188 2206 2253 neeis
2270 2192 2566 2273 patrator
2604 2205 2636 2254 5

199 2276 540 2363 Anicetus,
585 2278 781 2344 classi
827 2279 998 2363 apud
1044 2277 1395 2365 Misenum,
1440 2283 1517 2346 ut
1560 2278 1941 2364 memoravi,
1994 2277 2392 2364 praefectus,
2436 2278 2567 2345 levi

199 2370 358 2451 post
394 2366 750 2433 admissum
790 2368 997 2434 scelus
1035 2370 1265 2455 gratia,
1312 2368 1463 2434 dein
1509 2369 1819 2472 graviore·
1844 2368 2012 2453 odie,
2057 2367 2208 2453 quia
2245 2368 2567 2433 malorum

201 2456 571 2522 facinorum
608 2456 895 2522 ministri
941 2459 1125 2542 quasi
1168 2459 1631 2561 exprobrantes
1680 2457 2100 2542 aspiciuntur.
2163 2457 2366 2541 igitur
2402 2458 2565 2522 acci-

199 2548 346 2610 tum
404 2567 551 2610 eum
599 2542 838 2612 Caesar
893 2567 1128 2631 operae
1182 2548 1420 2632 prioris
1480 2546 1809 2613 admonet:
1867 2546 2077 2612 solum
2130 2545 2566 2610 incolumitati

201 2634 521 2736 principis
558 2633 866 2701 adversus
912 2635 1327 2702 insidiantem
1364 2640 1641 2703 matrem
1680 2635 2085 2720 subvenisse3
2132 2634 2347 2700 locum
2388 2633 2566 2699 haud
2607 2652 2673 2701 10

201 2722 480 2789 minoris
528 2724 780 2809 gratiae
826 2724 1103 2811 instare,
1151 2726 1207 2792 si
1253 2726 1598 2812 coniugem
1643 2724 1972 2791 infensam
2003 2723 2391 2808 depelleret.
2446 2745 2566 2789 nec

202 2834 408 2878 manu
469 2815 584 2878 aut
640 2813 775 2878 telo
832 2835 1022 2898 opus,
1085 2815 1402 2880 fateretur
1457 2814 1764 2880 Octaviae
1820 2814 2227 2879 adulterium.
2312 2813 2567 2877 occulta

205 2901 466 2987 quidem
504 2901 586 2967 ad
621 2924 930 2987 praesens
968 2903 1080 2969 sed
1118 2925 1356 2990 magna
1392 2905 1452 2969 ei
1498 2904 1789 2988 praemia
1825 2906 1891 2967 et
1927 2923 2217 2969 secessus
2255 2922 2564 2967 amoenos

280 3100 365 3150 10.
394 3095 626 3165 qem'bue
653 3097 796 3151 statt
831 3097 907 3152 ad
931 3112 1130 3167 qenua.
1176 3096 1231 3153 S.
1261 3116 1332 3152 zu
1512 3102 1599 3153 20.
1636 3097 1896 3153 inducere
1920 3095 2030 3151 mit
2065 3094 2194 3151 dem
2224 3079 2394 3150 Dativ'
2425 3095 2567 3150 statt

206 3172 292 3236 11,
327 3169 413 3222 30.
454 3195 521 3207 -—·
560 3182 620 3223 eo
658 3168 766 3223 loci
799 3185 906 3223 nur
941 3168 1064 3223 hier
1100 3168 1215 3223 und
1246 3174 1331 3238 15,
1440 3168 1505 3223 in
1530 3167 1609 3222 ist
1635 3167 1994 3235 dichterisch‚
2023 3186 2067 3221 z.
2089 3166 2151 3221 B.
2181 3165 2337 3236 Virg.
2360 3164 2563 3236 Georg.

207 3243 294 3294 74.
351 3238 533 3294 eodem
568 3239 677 3295 loci
712 3244 764 3307 4,
800 3244 854 3294 4.
920 3238 1122 3295 Beides
1157 3240 1332 3295 sehon
1441 3238 1484 3309 Ι,
1526 3245 1629 3295 316
1685 3256 1808 3296 cum
1852 3239 2015 3308 flavis
2067 3252 2347 3293 messorem
2400 3238 2566 3293 indu-

201 3308 299 3364 bei
338 3307 553 3365 Cicero.
602 3340 671 3351 —
717 3311 828 3380 aqi.
873 3296 1027 3365 Uber
1061 3309 1154 3366 die
1189 3313 1332 3366 Aus-
1441 3316 1579 3367 eeret
1614 3312 1766 3367 arvis
1801 3310 2065 3380 agricola.

207 3379 441 3451 lassung
476 3380 577 3436 der
612 3381 802 3436 Verba
841 3380 1067 3437 dicendi
1104 3399 1146 3440 s.
1183 3379 1331 3439 Einl.
1512 3406 1596 3455 21
1637 3399 1753 3454 Vm.
1796 3415 1963 3469 quam
2006 3397 2152 3453 fehlt
2191 3399 2408 3467 potum,
2463 3397 2566 3454 wie

205 3456 250 3519 §-
294 3457 381 3507 21·
550 3523 564 3536 ‚
1442 3476 1500 3539 3,
1529 3477 1592 3525 17
1631 3471 1910 3526 miseratio
1946 3485 2111 3539 qaam
2147 3469 2367 3525 invidia
2403 3487 2565 3541 anye-

280 3523 787 3580 laam-13⁸⁵
850 3523 1128 3579 NGUssfflm
1193 3540 1335 3579 Μίδα
1444 3543 1625 3597 batur.
1684 3540 1867 3597 Germ.
1908 3547 1940 3597 6
1988 3540 2209 3596 consilii
2251 3558 2417 3611 quam
2449 3542 2566 3610 for-

205 3593 402 3649 wfirde
437 3593 611 3649 kaurn
646 3613 714 3649 zu
740 3595 1036 3651 verstehen
1064 3593 1201 3663 sein,
1240 3596 1334 3650 ob-
1442 3614 1673 3669 ‚mdmgg
1725 3613 2092 3668 arbita-antur
2154 3642 2222 3652 -
2276 3614 2359 3667 vel
2414 3613 2568 3667 steht,

203 3664 430 3791 aaz.
460 3638 1335 3808 1111131831111111
1442 3683 1880 3826 ¹¹1..ae
1897 3683 2004 3754 K.
2044 3684 2482 3752 ..1de
2516 3683 2567 3737 ³²·

204 3824 303 3862 um
351 3823 415 3862 so
463 3808 598 3863 eher
649 3808 870 3864 erlaubt
895 3755 1024 3878 gist,
1081 3808 1155 3863 da
1208 3810 1338 3863 ausi

206 3894 373 3934 emen
428 3879 747 3935 Nebemtz
802 3879 999 3936 hildet-
1076 3879 1130 3934 S·
1185 3879 1332 3938 Eml·
1514 3897 1609 3954 62.
1654 3905 1700 3954 1.
1737 3899 1884 3953 iram
1921 3896 2038 3953 scil.
2077 3896 2440 3953 excitandam.

205 3953 386 4076 51188.
406 3950 659 4092 geram,
662 4022 862 4091 ,echt‘fi
934 4021 1045 4078 Cic.
1092 4021 1252 4077 Verr.
1299 4028 1336 4077 4
1445 3992 1883 4128 Spffitess‘ssmwr
1948 4004 2052 4041 nur
2112 3985 2236 4040 hier
2293 3984 2410 4039 und
2473 3984 2566 4040 bei

204 4097 252 4158 §-
297 4096 398 4147 147
446 4108 631 4148 veram
672 4109 740 4148 ae
783 4109 1103 4164 germanum
1142 4094 1333 4150 Metel-

204 4164 337 4219 lum.
416 4162 579 4220 ovid.
625 4168 760 4220 met.
808 4170 861 4235 2,
910 4170 978 4221 38
1041 4169 1145 4221 tua
1205 4180 1334 4221 vera
1516 4154 1566 4204 6·
1613 4153 1676 4204 “t
1712 4148 2028 4214 mavi,
2072 4144 2322 4203 namnch
2368 4144 2473 4214 KP·
2513 4151 2564 4202 3·

191 4249 468 4306 propayo.
1520 4242 1602 4293 13.
1649 4252 1895 4294 secessus.
1979 4236 2091 4293 Der
2145 4236 2363 4307 Plural,
2419 4233 2566 4291 nach
