2867 4625
219 87 309 151 42
873 85 1219 142 CORNELH
1254 85 1497 141 TACITI
1533 85 1929 142 ANNALIUM

220 249 538 316 exercitus
599 251 993 332 ostentatur,
1053 270 1189 314 non
1233 249 1554 333 obscuris,
1615 252 1691 314 ut
1744 252 1966 334 antea,
2021 250 2250 315 matris
2307 251 2586 336 artibuS,

222 339 331 405 sed
387 339 609 425 palam
660 338 948 404 hortatu.
1048 360 1203 403 nam
1259 359 1480 402 senem
1533 336 1909 422 Augustum
1960 338 2342 404 devinxerat
2394 339 2584 422 aden,

217 429 318 493 uti
361 432 667 512 nepotem
712 428 995 509 unicum,
1037 424 1406 512 Agrippam
1452 427 1856 509 Postumum,
1898 427 1967 491 in
2011 427 2297 493 insulam
2340 427 2581 494 Plana-

219 517 386 582 siam
444 516 816 602 proiecerit‚
875 516 1099 581 rudem
1158 537 1313 580 sane
1368 515 1688 581 bonarum
1746 516 1986 581 artium
2033 520 2101 582 et
2153 518 2388 583 robore
2435 540 2580 584 eor-

127 588 198 637 ²⁰
218 607 397 690 poris
465 605 702 671 stolide
766 604 1077 687 ferocem,
1139 605 1381 670 nullius
1436 607 1657 669 tamen
1721 604 1957 690 flagitii
2013 599 2412 690 conpertum.
2504 611 2581 672 at

216 694 476 760 hercule
534 692 990 760 Germanicum
1021 692 1251 759 ‘Druso
1305 696 1522 759 ortum
1578 696 1725 758 octo
1781 694 1957 776 upud
2013 693 2316 759 Rhenum
2370 696 2577 782 legio-

217 783 411 849 nibus
481 783 776 867 inposuit
839 782 1203 868 adscirique
1267 804 1383 866 per
1447 782 1868 864 adoptionem
1930 805 1970 846 a
2035 782 2298 848 Tiberio
2361 784 2578 869 iussit,

216 894 611 957 quamquam
656 875 828 937 esset
871 873 942 936 in
988 871 1182 937 domo
1219 870 1463 936 Tiberii
1507 871 1683 935 filius
1729 871 1999 954 iuvenis,
2037 872 2149 937 sed
2197 894 2325 956 quo
2371 873 2577 956 pluri-

216 962 338 1026 bus
386 961 811 1026 munimentis
855 960 1208 1027 insisteret.
1297 959 1548 1024 bellum
1593 981 1671 1024 ea
1714 963 2101 1044 tempestate
2146 962 2398 1026 nullum
2445 962 2578 1026 nisi

126 1067 194 1117 25
218 1050 525 1115 adversus
581 1048 941 1115 Germanos
999 1051 1361 1134 supererat,
1423 1048 1780 1114 abolendae
1844 1049 2057 1134 magis
2120 1050 2429 1115 infamiae
2485 1051 2575 1116 ob

215 1140 525 1203 amissum
586 1160 733 1203 eum
794 1138 1110 1214 Quintilio
1158 1136 1338 1203 Varo
1401 1137 1754 1201 exercitum
1818 1159 2012 1222 quam
2070 1138 2369 1223 cupidine
2422 1161 2575 1222 pro-

211 1227 465 1292 ferendi
500 1227 760 1313 imperii
788 1231 902 1292 aut
938 1227 1227 1311 dignum'
1247 1227 1330 1291 ob
1368 1226 1746 1311 praemium.
1803 1226 1980 1292 domi
2014 1248 2120 1291 res
2156 1227 2574 1314 tranquillae,

213 1315 442 1382 eadem
488 1317 993 1400 magistratuum
1037 1315 1386 1401 vocabula3
1445 1315 1731 1380 iuniores
1785 1319 1937 1398 post
1983 1315 2323 1382 Actiacam
2368 1317 2581 1382 victo-

211 1406 404 1487 riam,
470 1405 670 1469 etiam
716 1414 914 1470 'senes
978 1404 1269 1489 plerique
1334 1404 1507 1469 inter
1570 1402 1748 1468 bella
1802 1404 2038 1469 civium
2088 1406 2267 1469 nati:
2334 1409 2575 1489 quotus

120 1522 191 1571 30
213 1494 485 1579 quisque
530 1494 820 1579 reliquus
869 1494 981 1579 qui
1025 1515 1163 1558 rem
1208 1493 1539 1577 publicam
1583 1492 1899 1558 vidisset?

149 1597 193 1659 4
389 1582 605 1668 Igitur
653 1602 835 1647 verso
883 1582 1170 1647 civitatis
1218 1585 1394 1647 statu
1444 1581 1608 1646 nihil
1653 1603 1928 1666 usquam
1973 1582 2173 1665 prisci
2219 1587 2285 1646 et
2328 1582 2576 1667 integri

213 1671 444 1736 moris:
491 1692 715 1736 omnes
763 1674 958 1735 exuta
996 1671 1387 1755 aequalitate
1422 1670 1602 1735 iussa
1637 1669 1951 1755 principis
1991 1673 2348 1754 aspectare,
2386 1672 2577 1737 nulla

212 1760 282 1824 in
328 1781 638 1844 praesens
683 1758 1054 1843 formidine,
1112 1759 1262 1824 dum
1309 1759 1650 1844 Augustus
1698 1762 1911 1824 aetate
1958 1759 2212 1824 validus
2262 1782 2456 1845 seque
2495 1764 2574 1826 *et

212 1847 477 1923 domum
515 1852 579 1913 et
614 1869 842 1933 pacem
890 1848 1298 1914 sustentavit.
1372 1851 1721 1932 postquam
1758 1851 2065 1931 provecta
2101 1849 2233 1913 iam
2271 1852 2572 1914 senectus

155 1956 187 2005 ὅ
211 1956 408 2022 aegro
470 1940 536 2001 et
597 1958 865 2020 corpore
929 1936 1333 2022 fatigabatur
1397 1937 1748 2021 aderatque
1806 1937 1956 2001 finis
2012 1942 2077 2002 et
2131 1959 2281 2020 spes
2343 1959 2574 2022 novae,

209 2026 400 2109 pauci
443 2026 619 2091 bona
664 2026 989 2091 libertatis
1027 2025 1098 2090 in
1144 2047 1403 2090 cassum
1449 2025 1783 2108 disserere,
1825 2026 2047 2111 plures
2085 2025 2334 2090 bellum
2377 2049 2575 2111 pave-

208 2135 409 2194 scere,
475 2115 589 2179 alii
654 2136 903 2198 cupere.
1013 2136 1166 2198 pars
1226 2115 1434 2179 multo
1491 2114 1778 2179 maxima
1829 2114 2212 2180 inminentis
2269 2115 2571 2181 dominos

206 2204 404 2268 variis
466 2203 834 2269 rumoribus
901 2203 1313 2268 differebant:
1369 2206 1619 2267 trucem
1665 2200 2033 2287 Agrippam
2079 2207 2145 2268 et
2199 2203 2572 2288 ignominia

208 2314 546 2359 accensum
610 2315 744 2358 non
809 2295 1025 2357 aetate
1088 2314 1296 2378 neque
1362 2313 1582 2356 rerum
1648 2291 2046 2377 experientia
2117 2294 2344 2358 tantae
2407 2293 2575 2358 moli

109 2422 186 2470 -10
207 2403 459 2466 parem,
515 2381 853 2446 Tiberium
898 2381 1227 2446 Neronem
1281 2384 1610 2445 maturum
1668 2381 1855 2445 annis
1865 2430 1883 2463 ,
1951 2384 2317 2465 spectatum
2370 2383 2572 2465 bello,

208 2470 320 2534 sed
365 2475 582 2535 vetere
638 2473 833 2554 atque
888 2469 1092 2534 insita
1139 2468 1447 2535 Claudiae
1500 2469 1789 2534 familiae
1846 2471 2178 2555 superbia,
2230 2471 2571 2556 multaque

205 2558 446 2624 indicia
502 2559 838 2643 saevitiae,
895 2580 1292 2644 quamquam
1348 2561 1759 2643 premantur,
1815 2579 2170 2643 erumpere.
2270 2559 2446 2625 hunc
2500 2564 2571 2624 et

277 2773 363 2823 18.
418 2767 694 2823 Plumasia
744 2766 836 2822 bei
888 2767 1138 2834 Corsica3
1203 2768 1333 2823 dort
1511 2773 1560 2822 3.
1598 2783 1755 2837 seque
1780 2773 1831 2822 et
1856 2770 2090 2836 domum,
2120 2768 2410 2838 poetische
2422 2768 2569 2825 Ver-

204 2837 330 2893 liel's
366 2837 470 2892 ihn
506 2837 765 2893 Tiberius
804 2838 983 2893 sofort
1016 2841 1164 2893 nach
1201 2838 1331 2893 dem
1437 2836 1708 2909 bindung,
1751 2837 1899 2894 Einl.
1938 2844 1985 2905 ὅ.
2026 2843 2112 2908 65,
2150 2840 2203 2894 b.

204 2909 359 2965 Tode
422 2909 520 2963 des
570 2908 863 2978 Augustus
929 2908 1107 2963 durch
1168 2909 1332 2964 einen
1510 2914 1559 2965 5.
1590 2925 1751 2980 aeyro
1769 2915 1820 2964 et
1838 2926 2072 2980 corpore.
2126 2910 2202 2964 Et
2230 2937 2297 2957 ==
2324 2912 2565 2979 „auch“‚

205 2979 471 3035 Centurio
537 2978 849 3035 ermorden.
905 3010 974 3019 —
1017 2980 1327 3047 proiecerit.
1437 2978 1548 3047 vie
1576 2980 1696 3036 Liv.
1737 2986 1825 3050 25,
1864 2987 1950 3051 22,
1988 2986 2021 3035 8
2058 2987 2166 3036 tres
2192 2987 2243 3036 et
2277 2985 2565 3039 exercitus.

202 3039 357 3107 Uber
392 3051 502 3105 den
540 3050 694 3120 eonj.
732 3048 1127 3104 Perf.s.Ein1.
1166 3055 1213 3116 ς.
1244 3055 1327 3106 98.
1437 3050 1606 3121 Apul.
1653 3055 1787 3107 met.
1837 3059 1895 3121 ε,
1947 3057 2012 3106 18
2057 3068 2156 3107 nec
2203 3051 2426 3110 Charon
2469 3055 2566 3111 me

275 3128 358 3177 20.
397 3123 593 3179 stolide
626 3125 873 3188 ferocem,
911 3121 1018 3175 wie
1055 3119 1175 3177 Liv.
1209 3127 1258 3190 ’1,
1296 3127 1328 3176 5
1437 3122 1596 3177 Ditis
1645 3128 1695 3176 et
1740 3127 1919 3192 pater.
2013 3121 2116 3176 Die
2174 3121 2435 3195 Stellung
2484 3124 2566 3182 ist

200 3195 396 3250 stolide
429 3195 658 3260 ferocem
693 3193 908 3247 viribus
942 3193 1077 3248 suis.
1108 3224 1175 3232 -—
1204 3208 1353 3253 com,
1439 3192 1599 3248 mehr
1634 3192 1996 3249 dichterisch.

192 3271 389 3335 pertas
454 3281 499 3318 c.
556 3281 680 3332 gen.
741 3264 886 3318 auch
951 3269 1012 3330 4,
1080 3270 1145 3318 11
1214 3263 1329 3318 und
1510 3269 1560 3318 6.
1596 3264 1856 3320 disserere
1904 3265 2011 3319 mit
2056 3264 2110 3321 d.
2157 3265 2359 3320 Aecus.
2406 3266 2562 3322 eines

203 3335 379 3392 sehon
432 3335 526 3389 bei
577 3333 791 3390 Livius.
858 3364 928 3374 —
993 3339 1055 3389 at
1114 3336 1329 3390 hercule
1440 3334 1817 3403 Substantivs,
1862 3336 2008 3391 oster
2042 3334 2141 3391 bei
2176 3335 2433 3404 Tacitus,
2471 3355 2563 3392 zu·

201 3408 550 3478 „dagegen“.
635 3422 721 3475 cp.
766 3408 831 3459 17
870 3422 925 3460 u.
964 3404 1126 3460 efter.
1203 3405 1324 3463 Liv.
1435 3406 1554 3460 erst
1579 3405 1683 3487 ‘bei
1710 3403 1940 3475 Sallust,
1968 3407 2120 3462 daun
2154 3406 2233 3462 im
2271 3408 2586 3484 silbernens

203 3486 252 3548 ⁷⁹
271 3484 356 3603 243.
381 3483 550 3628 Ίῧὶίεζ
587 3548 697 3601 den
722 3546 924 3602 Modus
960 3547 1108 3602 nach
1136 3564 1324 3617 quam·
1434 3474 1818 3631 Lagllllifferre
1868 3547 1947 3603 im
1996 3548 2166 3604 Sinne
2209 3566 2324 3605 von
2376 3551 2559 3632 divul-

197 3635 364 3690 quam
400 3635 442 3672 s.
482 3616 628 3673 Eml.
667 3623 713 3683 §-
757 3622 877 3673 106.
916 3649 984 3658 -
1022 3617 1135 3673 Det
1172 3617 1326 3674 Sohn
1470 3635 1582 3688 are,
1619 3636 1727 3674 wie
1756 3625 1807 3686 3,
1840 3624 1921 3673 12.
1950 3624 2004 3688 4,
2032 3625 2120 3689 25,
2150 3622 2295 3676 auch
2323 3621 2417 3677 bei
2446 3623 2558 3677 den

197 3693 296 3746 des
341 3687 597 3743 Tiberius
649 3687 821 3743 heisst
865 3688 1102 3758 Drusus,
1150 3695 1219 3744 23
1266 3707 1321 3746 n.
1485 3688 1741 3745 omikern
1774 3690 1892 3744 und
1926 3690 2133 3748 Livius.

198 3761 325 3818 Chr.
364 3777 416 3817 v.
457 3758 629 3830 Sejan
663 3759 947 3830 vergistet.
1504 3767 1555 3815 9.
1592 3762 1933 3830 experientia
1960 3763 2102 3817 statt
2128 3778 2262 3818 usus
2296 3765 2414 3820 erst
2450 3763 2558 3819 seit

267 3837 352 3887 25.
394 3831 706 3899 abolendae,
746 3849 787 3887 s.
827 3830 974 3886 Einl.
1011 3837 1060 3898 g.
1101 3836 1222 3888 108.
1254 3863 1322 3872 -
1429 3832 1649 3888 Lukrez
1694 3832 1811 3885 und
1844 3831 2055 3902 Virgil,
2102 3832 2261 3888 nicht
2308 3833 2370 3888 in
2405 3834 2557 3890 klas-

194 3903 302 3959 Die
338 3902 528 3958 clades
565 3903 814 3959 Variana
849 3909 880 3957 9
918 3920 973 3959 n.
1014 3902 1140 3960 Chr.
1431 3902 1643 3958 sischer
1678 3902 1870 3972 Prosa,
1908 3907 2047 3959 aber
2080 3905 2228 3960 noch
2265 3907 2402 3961 aoht
2436 3905 2557 3962 Mal

268 3981 352 4030 30.
391 3989 478 4029 res
500 3975 654 4043 publ.
683 3973 806 4030 hier
840 3974 903 4029 in
931 3975 1030 4030 der
1067 3975 1321 4030 seltenen
1428 3973 1523 4028 bei
1559 3972 1804 4030 Tacitus.

194 4046 532 4115 Bedeutung
569 4044 942 4115 ‚,Republik“
980 4045 1060 4099 im
1100 4045 1318 4116 Gegen·
1501 4051 1584 4099 12.
1624 4046 1779 4117 {huno
1822 4050 1888 4102 et.
1983 4045 2138 4102 Statt
2181 4061 2353 4121 neque
2404 4047 2555 4118 folgt

194 4120 310 4175 satz
347 4133 444 4172 zur
480 4115 825 4172 Monarchie.
1424 4116 1526 4170 des
1562 4117 1934 4172 Nachdrucks
1971 4135 2171 4188 wegen
2204 4135 2275 4173 ne
2310 4121 2550 4190 quidem,

265 4188 326 4244 4.
368 4194 415 4243 1.
462 4186 546 4241 Et
580 4187 660 4243 im
696 4186 1003 4258 negativen
1041 4187 1231 4256 Satze‚
1272 4205 1314 4242 s.
1423 4186 1530 4243 wie
1569 4188 1714 4243 auch
1745 4206 1810 4265 gn
1838 4188 1940 4242 der
1966 4186 2269 4244 Germania
2293 4191 2412 4246 und
2441 4191 2553 4246 den

195 4260 339 4316 Einl.
379 4264 427 4325 §—
470 4263 554 4313 61.
1422 4258 1725 4316 Historien.
1799 4259 1853 4314 S.
1891 4257 2038 4315 Einl.
2079 4264 2128 4325 §-
2170 4266 2254 4315 66.
