2867 4625
1002 130 1218 188 LIBER
1246 130 1338 187 VI.
1405 130 1561 188 CAP.
1602 137 1834 188 42-44.

434 293 533 359 Ac
606 293 662 358 si
738 294 962 360 statim
1034 295 1349 359 interiora
1420 298 1794 380 ceterasque
1868 295 2166 361 nationes
2239 296 2597 383 petivisset,
2617 299 2705 363 43

2476 132 2604 197 291

251 404 574 466 oppressa
629 383 1071 457 cunctantium
1129 383 1449 450 dubitatio
1506 387 1571 448 et
1627 405 1850 449 omnes
1897 384 1966 449 in
2010 407 2215 449 unum
2262 385 2600 451 cedebant:

254 471 611 537 adsidendo
658 473 1023 556 castellum,
1077 473 1148 537 in
1193 473 1363 557 quod
1407 473 1746 559 pecuniam
1794 477 1860 538 et
1902 474 2182 558 paelices
2228 475 2601 540 Artabanus

255 560 652 645 contulerat,
715 560 892 625 dedit
955 563 1237 647 spatium
1304 562 1574 627 exuendi
1636 559 1845 648 pacta'.
1936 584 2089 627 nam
2150 561 2470 629 Phraates
2538 569 2605 630 et

253 648 457 715 Hiero
514 653 581 714 et
638 648 694 714 si
751 650 860 734 qui
915 650 1027 715 alii
1087 650 1408 716 delectum
1454 650 1767 736 capiendo
1815 651 2164 716 diademati
2210 651 2381 717 diem
2428 653 2603 718 haud
2643 669 2674 719 5

250 738 893 823 concelebraverant,
947 761 1099 825 pars
1155 743 1363 825 metu,
1418 739 1680 825 quidam
1735 740 1979 805 invidia
2032 739 2106 804 in
2150 741 2604 827 Abdagaesen,

252 828 370 911 qui
414 830 556 892 tum
602 828 754 892 aula
799 831 865 892 et
907 849 1078 894 novo
1124 850 1277 915 rege
1323 829 1714 914 potiebatur,
1762 828 1842 893 ad
1879 829 2290 895 Artabanum
2324 835 2603 916 vertere3

251 916 435 1000 isque
494 917 566 980 in
623 914 948 1000 Hyrcanis
1007 923 1303 1002 repertus
1365 921 1492 1002 est,
1552 917 1795 983 inluvie
1855 918 2104 983 obsitus
2166 922 2231 983 et
2290 920 2603 985 alimenta

253 1027 406 1071 arcu
457 1005 818 1089 expediens,
912 1028 986 1072 ac
1031 1007 1245 1091 primo
1293 1009 1629 1091 tamquam
1675 1007 1863 1071 dolus
1920 1010 2261 1091 pararetur
2314 1009 2602 1093 territus,

254 1094 371 1159 ubi
417 1094 571 1159 data
624 1094 783 1159 fides
839 1095 1198 1162 reddendae
1254 1095 1687 1160 dominationi
1743 1095 2023 1181 venisse,
2081 1096 2414 1161 adlevatur
2469 1097 2602 1163 ani·
2641 1114 2710 1164 10

252 1205 430 1247 mum
469 1186 535 1247 et
575 1203 738 1267 quae
773 1184 1113 1267 repentina
1149 1184 1428 1250 mutatio
1467 1184 1764 1268 exquirit.
1836 1187 1978 1249 tum
2016 1184 2217 1250 Hiero
2254 1186 2602 1269 pueritiam

249 1271 566 1336 Tiridatis
610 1272 921 1357 increpat,
966 1295 1173 1359 neque
1220 1294 1416 1358 penes
1456 1273 1812 1339 Arsaciden
1850 1274 2210 1358 imperium,
2258 1275 2369 1338 sed
2407 1274 2599 1339 inane

250 1382 494 1426 nomen
522 1361 695 1444 apud
724 1361 1030 1427 inbellem
1057 1366 1322 1428 externa
1351 1363 1649 1448 mollitia,
1686 1363 1817 1427 vim
1858 1362 1931 1426 in
1957 1362 2363 1449 Abdagaesis
2393 1363 2603 1431 domo,

430 1448 648 1515 Sensit
692 1454 878 1516 vetus
924 1451 1241 1536 regnandi
1295 1450 1498 1517 falsos
1553 1452 1621 1516 in
1678 1472 1897 1516 amore
1955 1451 2104 1516 odia
2158 1473 2291 1518 non
2335 1452 2600 1538 fingere.
2620 1454 2710 1519 44

248 1558 369 1602 nec
412 1540 588 1603 ultra
623 1542 932 1625 moratus,
979 1562 1175 1625 quam
1213 1540 1365 1605 dum
1403 1538 1794 1625 Scytharum
1834 1540 2076 1605 auxilia
2114 1542 2415 1626 conciret,
2461 1563 2602 1626 per—

247 1626 355 1712 git
399 1649 712 1711 properus
760 1632 825 1692 et
868 1629 1287 1714 praeveniens
1335 1628 1749 1694 inimicorum
1796 1632 2002 1713 astus,
2051 1629 2408 1696 amicorum
2454 1651 2601 1715 pae-

246 1716 620 1800 nitentiam3
693 1738 901 1802 neque
963 1722 1227 1783 exuerat
1284 1718 1659 1802 paedorem,
1721 1721 1798 1782 ut
1855 1719 2126 1802 vulgum
2186 1719 2600 1784 miseratione

247 1803 637 1870 adverteret.
725 1827 857 1871 non
900 1805 1112 1891 fraus,
1168 1828 1299 1895 non
1344 1828 1597 1891 preces,
1649 1805 1818 1871 nihil
1865 1808 2178 1873 omissum
2226 1831 2353 1894 quo
2401 1808 2601 1873 ambi-
2639 1826 2670 1873 5

247 1913 414 1978 guos
461 1893 773 1979 inliceret,
818 1896 1107 1980 prompti
1150 1896 1582 1961 firmarentur.
1654 1896 1913 1981 iamque
1951 1897 2160 1960 multa
2205 1919 2402 1962 manu
2447 1919 2598 1980 pro-

248 1982 572 2067 pinquans
602 1981 932 2049 Seleuciae
971 1984 1381 2068 adventabat,
1419 2007 1565 2050 cum
1596 1983 1919 2049 Tiridates
1958 1985 2153 2050 simul
2191 1984 2367 2051 fama
2405 1990 2599 2071 atque

245 2072 393 2155 ipso
423 2072 764 2137 Artabano
802 2074 1138 2157 perculsus
1179 2073 1459 2138 distrahi
1486 2073 1795 2156 consiliis,
1830 2073 1958 2138 iret
1984 2077 2213 2139 contra
2242 2096 2326 2139 an
2354 2074 2599 2139 bellum

243 2161 663 2226 cunctatione
700 2164 1031 2228 tractaret.
1099 2162 1330 2248 quibus
1367 2163 1693 2248 proelium
1730 2166 1795 2226 et
1831 2162 2125 2227 festinati
2164 2184 2351 2227 casus
2388 2164 2598 2247 place-

243 2248 423 2330 bant,
461 2249 767 2316 disiectos
805 2255 871 2316 et
905 2251 1386 2337 longinquitate
1421 2251 1678 2317 itineris
1715 2251 1926 2319 fessos
1963 2273 2045 2317 ne
2083 2252 2299 2317 animo
2339 2252 2600 2337 quidem
2639 2269 2710 2319 10

246 2339 413 2404 satis
453 2339 534 2404 ad
572 2341 958 2426 obsequium
993 2342 1312 2407 coaluisse
1342 2341 1683 2426 disserunt,
1719 2342 2085 2426 proditores
2111 2362 2319 2424 nuper
2345 2342 2597 2407 hostes-

245 2449 373 2513 que
419 2429 577 2513 eius,
623 2451 814 2513 quem
859 2452 1118 2495 rursum
1154 2430 1440 2495 foveant.
1512 2452 1736 2495 verum
1773 2428 2194 2515 Abdagaeses
2233 2430 2598 2515 regredien-

243 2515 398 2581 dum
454 2517 523 2581 in
568 2516 1111 2602 Mesopotamiam
1166 2520 1498 2604 censebat,
1552 2523 1627 2583 ut
1682 2540 1871 2584 amne
1927 2519 2182 2585 obiecto
2192 2568 2210 2603 ,
2264 2519 2596 2584 Armeniis

238 2709 361 2762 und
408 2713 503 2778 15,
540 2716 573 2763 2
625 2712 790 2765 simul
838 2712 1145 2767 diademate
1200 2716 1369 2779 caput

246 2779 524 2835 Tiridatis
558 2783 798 2847 evirari&
847 2787 1006 2837 sonst
1041 2783 1149 2838 seit
1186 2781 1369 2852 Virgil

238 2848 342 2906 bei
374 2849 662 2908 Dichtern.

315 2928 415 2985 43.
469 2937 519 2985 2.
571 2930 773 2987 Hinter
818 2948 1077 3002 oppressa
1122 2933 1200 2987 ist
1249 2937 1368 2988 erat

264 3002 413 3056 statt
449 3004 598 3071 esset)
626 3021 694 3057 zu
731 3008 1022 3072 erganzen.
1078 2990 1228 3064 Uber
1255 3005 1367 3058 den

314 3071 535 3129 dikativ
575 3074 672 3129 des
707 3074 1084 3144 Hauptsatzes
1120 3074 1235 3129 und
1275 3074 1365 3129 die

238 3143 713 3212 ungewohnliche
743 3145 1119 3217 Satzstellung
1147 3162 1190 3199 s.
1220 3145 1368 3201 Einl.

238 3218 289 3279 §-
325 3220 447 3283 103,
482 3221 532 3270 1.

316 3299 367 3347 3.
423 3295 674 3351 adsidere
717 3295 824 3350 mit
872 3297 1001 3352 dem
1048 3297 1369 3360 Accusativ,

242 3382 285 3418 E·
317 3383 389 3490 gu
423 3370 657 3492 diligens
706 3437 812 3491 mit
863 3438 991 3493 dem
1041 3436 1214 3492 Dativ
1273 3439 1371 3493 des

240 3506 674 3577 Gerundivums,
715 3526 757 3563 s.
786 3509 932 3565 Einl.
962 3515 1009 3576 §-
1045 3515 1166 3577 109,
1193 3509 1248 3564 b.

315 3591 365 3642 8.
414 3574 570 3642 Uber
616 3588 709 3673 die
745 3588 1046 3659 Hyrkaner
1091 3606 1133 3644 s.
1174 3608 1241 3643 zu
1281 3588 1373 3658 cpi

240 3664 334 3712 36.
384 3688 453 3698 -
502 3660 765 3728 intimes,
816 3678 921 3714 nur
974 3662 1061 3716 ein
1108 3659 1227 3715 Mal
1276 3659 1371 3716 bei

236 3728 468 3798 Cicero,
524 3729 601 3785 ist
651 3731 808 3785 sonst
857 3732 1201 3787 dichterisch
1253 3732 1369 3786 und

235 3800 686 3857 nachklassiseh.

317 3876 402 3926 10.
432 3873 741 3928 reddendae
759 3873 1126 3929 dominationi
1142 3873 1363 3929 venisse.

233 3941 468 4004 Ebenso
499 3944 642 3999 setzt
669 3943 898 3999 Tacitus
927 3944 1037 3999 den
1065 3944 1237 4000 Dativ
1265 3945 1362 4000 des

235 4013 656 4069 Gerundivums
684 4014 828 4071 auch
851 4016 946 4070 bei
964 4016 1207 4071 anderen
1227 4017 1364 4070 Ver-

232 4083 353 4138 ben
381 4084 485 4141 der
511 4084 856 4157 Bewegung:
892 4089 1117 4156 mittere,
1155 4089 1365 4154 ducere,

222 4161 432 4225 petere.
473 4188 543 4198 -
580 4145 732 4212 Uber
768 4156 878 4213 den
905 4159 1206 4214 Accusativ
1242 4159 1365 4213 am·-

229 4243 387 4283 mum
426 4244 469 4281 s.
500 4228 645 4285 Einl.
675 4233 724 4295 ξ.
754 4233 839 4284 24.
1266 4262 1277 4272 -

312 4305 411 4364 44.
468 4313 515 4364 1.
567 4313 719 4365 vetus
769 4311 933 4379 (statt
972 4311 1207 4381 peritus)
1260 4309 1367 4364 mit

1477 2712 1606 2766 dem
1644 2710 1901 2778 Genetiv,
1948 2711 2055 2767 wie
2101 2718 2156 2781 1,
2194 2718 2280 2768 20.
2335 2743 2399 2752 —
2443 2712 2595 2780 odia,

1475 2782 1723 2837 namlich
1759 2799 1941 2852 gegen
1976 2783 2069 2837 die
2094 2799 2239 2839 neue
2264 2783 2595 2838 Herrschaft

1478 2854 1575 2908 des
1614 2852 1910 2908 Tiridates.

1544 2939 1597 3058 ἓ.
1626 2949 1918 3057 Ῑίτορεναε,
1956 2934 2099 2988 statt
2134 2933 2287 2990 eines
2314 2933 2591 3024 Advefbs,

1476 3022 1515 3059 s.
1592 3003 1653 3057 in
1678 3044 1690 3057 .
1721 3009 1769 3070 §-
1800 3011 1850 3059 6.
2223 3057 2231 3065 ,

1556 3089 1606 3138 4.
1644 3085 1873 3154 paedor,
1918 3084 2010 3140 bei
2055 3083 2289 3140 Tacitus
2335 3081 2431 3139 ἅπ.
2472 3083 2595 3154 εἰει,

1483 3153 1561 3209 ist
1597 3157 1755 3210 sonet
1790 3154 2157 3222 dichterisch;
2194 3156 2253 3210 in
2281 3156 2457 3211 Prosa
2491 3173 2598 3211 nur

1483 3227 1630 3280 noch
1666 3227 1760 3281 bei
1786 3226 1898 3283 Cic.
1928 3227 2089 3282 Tuse.
2121 3233 2171 3295 3,
2200 3233 2295 3296 263
2334 3229 2484 3282 dann
2518 3227 2600 3282 im

1483 3295 1818 3366 Spatlatein.

1554 3383 1603 3432 6.
1658 3378 1905 3434 inliceret
1955 3408 2023 3417 —
2073 3380 2448 3447 firmarentur,
2504 3379 2599 3433 ein

1480 3447 1771 3503 ahnlicher
1795 3447 2058 3503 Wechsel
2085 3449 2183 3503 des
2218 3466 2397 3519 genus
2424 3448 2600 3504 Verbi

1481 3519 1589 3573 wie
1626 3525 1684 3588 3,
1726 3525 1790 3573 12
1828 3520 2043 3574 nudare
2080 3550 2146 3560 —
2176 3523 2489 3590 permittere
2529 3552 2594 3561 —-

1481 3590 1813 3660 differrique.
1882 3595 1966 3658 13,
1998 3596 2028 3644 7
2067 3592 2347 3647 admovere
2384 3624 2453 3633 —
2489 3593 2594 3647 col—

1481 3661 1668 3716 locari.
1728 3659 2029 3730 Vgl.Ein1.
2058 3666 2105 3727 §-
2139 3666 2256 3730 119,
2289 3668 2336 3717 7.

1552 3746 1599 3795 7.
1644 3740 1758 3795 Der
1794 3740 2127 3795 historisehe
2163 3742 2412 3797 Infinitiv
2448 3744 2596 3797 nach

1477 3827 1599 3867 cam
1637 3811 1912 3866 ebenfalls
1951 3818 2001 3880 2,
2032 3816 2118 3867 31.
2156 3818 2242 3868 40.
2279 3812 2411 3868 hist.
2442 3819 2492 3881 3,
2523 3820 2590 3868 31

1474 3882 1590 3937 und
1626 3882 1788 3939 ofter.

1546 3959 1595 4009 8.
1648 3951 1752 4009 Die
1788 3969 1932 4008 neue
1968 3953 2178 4009 Phrase
2215 3952 2410 4009 bellam
2445 3958 2595 4011 trac·

1474 4029 1594 4080 tare
1642 4024 1792 4080 steht
1842 4026 1985 4081 auch
2035 4031 2084 4094 1,
2121 4029 2207 4080 59.
2264 4025 2393 4080 hist.
2432 4032 2483 4094 4,
2524 4032 2590 4081 ’13

1473 4097 1619 4151 nach
1669 4097 1864 4151 Livius
1914 4096 2029 4151 und
2080 4097 2190 4151 den
2244 4096 2590 4153 klassisehen

1472 4165 1839 4239 Ausdrficken
1873 4168 2279 4237 rempublicam,
2316 4170 2592 4239 ‘negotium

1473 4243 1724 4295 tractare.
1798 4227 2045 4293 Ahnlich
2089 4239 2221 4295 hist.
2261 4246 2311 4309 3,
2353 4246 2381 4294 1
2429 4243 2592 4297 daces

1473 4310 1705 4366 consilia
1742 4311 1869 4366 belli
1902 4312 2233 4367 tractabant.

2058 4399 2168 4455 19*
