2867 4625
952 95 1177 150 LIBER
1209 96 1253 150 1.
1329 94 1489 152 GAP.
1528 101 1757 153 78—81.
2446 96 2533 163 93

177 257 563 322 mortalium
600 257 997 324 consuluisse
1044 261 1366 344 naturam,
1411 280 1577 343 quae
1622 281 1743 324 sua
1784 280 1902 325 ora
1942 257 2336 343 fluminibus,
2381 281 2532 326 suos

178 368 404 411 cursus
463 349 666 433 utque
725 347 1074 432 originem,
1142 346 1238 412 ita
1299 348 1468 413 fines
1527 348 1794 413 dederit.
1885 349 2278 433 spectandas
2335 349 2535 414 etiam

177 435 529 520 religiones
567 436 910 521 sociorum,
944 435 1057 521 qui
1103 457 1290 501 sacra
1326 440 1395 502 et
1429 437 1615 502 lucos
1653 442 1720 502 et
1763 459 1912 502 aras
1949 437 2186 522 patriis
2231 437 2532 503 amnibus

177 523 562 610 dicaverint3
628 525 784 610 quin
839 524 1051 609 ipsum
1107 524 1397 590 Tiberim
1449 526 1628 591 nolle
1689 546 1961 612 prorsus
2016 527 2253 592 accolis
2312 525 2531 592 fluviis

176 613 484 679 orbatum
545 614 795 679 minore
861 614 1077 700 gloria
1136 613 1353 681 fluere.

1470 636 1584 680 seu
1655 636 1880 700 preces
1955 615 2352 680 coloniarum
2417 636 2530 680 seu
2552 623 2618 673 15

174 700 530 767 difficultas
595 724 865 788 operum
938 702 1076 768 sive
1143 703 1527 789 superstitio
1588 705 1797 770 valuit
1857 707 1933 768 ut
2002 703 2073 768 in
2137 704 2532 770 sententiam

174 787 290 855 Cn.
338 789 601 856 Pisonis
647 791 1120 876 concederetur,
1166 794 1280 877 qui
1322 792 1416 857 nil
1464 791 1850 858 mutandum
1897 796 2254 858 censuerat.

354 877 759 964 Prorogatur
828 878 1134 964 Poppaeo
1209 880 1450 947 Sabino
1532 880 1872 965 provincia
1942 878 2219 963 Moesia,
2291 881 2532 947 additis
2551 884 2640 950 80

1120 969 1189 1034 id
1252 991 1508 1055 quoque
1572 992 1825 1034 morum
1872 968 2121 1037 Tiberii
2172 969 2324 1052 fuit,
2380 990 2531 1035 con-

170 964 431 1032 Achaia
495 990 572 1034 ac
614 967 1012 1033 Macedonia.

169 1057 437 1121 tinuare
496 1056 770 1142 imperia
830 1079 903 1123 ac
965 1058 1309 1142 plerosque
1369 1059 1454 1123 ad
1506 1058 1705 1123 finem
1751 1059 1925 1123 vitae
1979 1057 2051 1123 iu
2105 1057 2314 1122 isdem
2359 1079 2533 1123 exer-

166 1144 413 1210 citibus

482 1149 597 1210 aut
652 1145 1213 1212 iurisdictionibus
1268 1146 1527 1211 habere.
1628 1167 1860 1212 causae
1916 1146 2094 1210 varie
2147 1146 2531 1211 traduntur:

169 1233 289 1298 alii
334 1234 554 1299 taedio
611 1256 820 1300 novae
874 1256 1064 1299 curae
1112 1235 1313 1300 semel
1357 1236 1601 1319 placita
1646 1257 1767 1320 pro
1825 1233 2107 1301 aeternis
2155 1235 2584 1318 servavisse,5

168 1321 441 1405 quidam
486 1323 757 1407 invidia,
801 1344 884 1388 ne
929 1324 1151 1407 plures
1202 1324 1600 1408 fruerentur3
1658 1327 1813 1390 sunt
1858 1323 1969 1409 qui
2015 1324 2410 1406 existiment,
2457 1327 2533 1388 ut

164 1411 480 1476 callidum
543 1413 681 1477 eius
749 1411 1115 1498 ingenium,
1180 1412 1276 1477 ita
1335 1413 1598 1476 anxium
1652 1411 1981 1478 iudicium.

2086 1433 2295 1497 neque
2357 1412 2532 1476 enim

167 1500 522 1564 eminentis
593 1500 870 1565 virtutes
945 1501 1346 1584 sectabatur,
1419 1504 1488 1566 et
1558 1523 1816 1566 rursum
1887 1501 2050 1566 vitia
2123 1501 2382 1565 oderat:
2454 1522 2533 1565 ex

168 1589 441 1673 optimis
514 1589 873 1672 periculum
947 1589 1101 1669 sibi,
1170 1612 1210 1655 a
1271 1589 1575 1674 pessimis
1639 1589 1917 1656 dedecus
1988 1589 2324 1673 publicum
2396 1609 2532 1653 me-

162 1677 416 1741 tuebat.

544 1699 672 1762 qua
754 1677 1188 1743 haesitatione
1268 1681 1601 1762 postremo
1683 1699 1760 1744 eo
1832 1681 2179 1763 provectus
2262 1679 2389 1762 est,
2459 1681 2536 1742 ut
2558 1700 2624 1750 ιο

166 1765 582 1831 mandaverit
627 1765 1015 1851 quibusdam
1060 1767 1461 1850 provincias,
1518 1787 1679 1852 quos
1735 1766 1959 1852 egredi
2004 1766 2162 1832 urbe
2207 1787 2343 1830 non
2391 1769 2533 1831 erat

165 1876 501 1939 passurus.

353 1942 452 2006 De
506 1942 789 2008 comitiis
844 1944 1296 2010 consularibus
1344 1965 1508 2028 quae
1561 1946 1703 2008 tum
1748 1942 2028 2027 primum
2074 1942 2194 2008 illo
2239 1943 2534 2027 principe
2553 1950 2638 2016 81

168 2053 252 2096 ac
298 2030 606 2116 deinceps
651 2032 862 2117 fuere,
915 2033 1025 2097 vix
1071 2033 1416 2117 quicquam
1473 2033 1731 2097 firmare
1778 2031 2013 2096 ausim:
2071 2031 2232 2096 adeo
2279 2031 2537 2097 diversa

166 2141 311 2184 non
358 2121 552 2186 modo
601 2121 772 2207 apud
812 2125 1111 2187 auctores
1160 2121 1271 2186 sed
1309 2122 1381 2185 in
1416 2120 1626 2205 ipsius
1664 2119 2069 2186 orationibus
2107 2120 2535 2204 reperiuntur.

167 2208 370 2274 modo
432 2210 784 2274 subtractis
851 2209 1342 2274 candidatorum
1407 2209 1780 2274 nominibus
1845 2207 2161 2293 originem
2226 2207 2534 2291 cuiusque

166 2299 239 2362 et
283 2299 493 2363 vitam
541 2301 609 2363 et
654 2298 979 2383 stipendia
1026 2297 1400 2383 descripsit,
1454 2301 1531 2362 ut
1577 2297 1689 2383 qui
1743 2295 1962 2362 forent
2014 2296 2528 2381 intellegeretur3
2550 2321 2583 2371 5

167 2386 526 2471 aliquando
592 2410 670 2453 ea
727 2409 982 2473 quoque
1041 2388 1517 2472 significatione
1573 2388 1908 2452 subtracta
1961 2384 2340 2451 candidatos
2387 2385 2534 2450 hor-

166 2632 414 2700 binden,
458 2633 612 2688 steht
657 2633 804 2686 auch
839 2632 984 2686 Plin.
1023 2650 1079 2687 n.
1117 2633 1173 2689 h.
1213 2638 1302 2700 29,

170 2708 220 2769 §-
254 2706 325 2756 16
356 2708 645 2773 quaestam
680 2719 790 2759 esse
825 2705 1173 2759 recusabant.
1230 2708 1302 2758 35

170 2779 220 2839 §-
260 2778 334 2827 49
380 2775 553 2846 inlini
596 2779 853 2829 recusant
998 2775 1301 2844 pari-esum.

169 2842 400 2899 Ebenso
429 2845 780 2899 konstruiert
798 2844 1029 2900 Tacitus
1048 2846 1304 2901 obsiste-re

172 2914 290 2969 und
316 2916 631 2984 prohibere.

246 3009 333 3059 13.
369 3005 661 3059 sociorum.
726 3001 926 3057 Damit
960 3003 1186 3059 meinen
1222 3003 1303 3058 sie

174 3073 299 3129 ihre
326 3073 674 3143 Vorfahren,
714 3073 978 3144 obgleich
1007 3075 1092 3129 sie
1129 3075 1306 3130 selbst

173 3145 345 3215 lange
364 3146 542 3199 schon
574 3146 674 3200 das
692 3144 1074 3214 Burgerrecht
1098 3146 1304 3200 haben.

251 3237 337 3286 14.
419 3233 664 3288 Tiberim
690 3235 850 3289 nolle.
916 3231 1022 3288 Die
1048 3231 1306 3287 Personi-

173 3304 417 3359 fikation
467 3302 624 3358 eines
669 3304 897 3359 Flusses
955 3305 1110 3358 kann
1158 3305 1304 3357 nach

178 3374 289 3429 den
342 3374 652 3445 religiosen
706 3374 1148 3444 Vorstellungen
1204 3373 1305 3430 der

175 3444 349 3500 Alten
385 3446 550 3500 nicht
585 3444 877 3501 auffallen.

245 3533 342 3590 80.
425 3540 474 3587 1.
559 3533 801 3589 Sabinus
866 3533 1054 3589 erhalt
1116 3535 1306 3603 spater

176 3622 373 3686 *regen
396 3605 814 3688 seinos-sieges
841 3604 982 3659 fiber
1015 3604 1107 3687 die
1131 3604 1306 3658 Thra-

172 3691 293 3800 ἓξὲξ
340 3674 1309 3814 ἃέἰιῗῗέὲῗέἂῖἷοῖἓῒὲὴὲἰ

174 3823 246 3872 24
287 3816 324 3871 J
325 3818 468 3872 abre
521 3816 662 3887 lang
717 3817 1087 3872 kaiserlicher
1131 3814 1308 3871 Statt-

176 3887 366 3943 haltcr
402 3903 670 3956 gewesen
703 3887 795 3943 ist.
843 3918 911 3928 —
956 3886 1176 3942 Mbsien
1210 3887 1310 3955 lag

176 3975 268 4013 am
302 3960 547 4014 rechten
563 3958 704 4013 Ufer
722 3959 822 4013 der
840 3960 1077 4013 unteren
1091 3958 1308 4024 Bonan,

169 4030 564 4100 jetztSerbien
585 4030 701 4084 und
723 4029 1044 4099 Bulgarien.
1066 4060 1135 4069 —
1158 4014 1310 4082 Uber

174 4101 396 4171 Achaia
431 4101 551 4155 und
589 4100 963 4154 Macedouien
1012 4117 1054 4153 s.
1093 4115 1178 4167 cp.
1220 4104 1307 4153 76.

241 4196 292 4245 4.
368 4189 861 4245 iurisdictionibus
913 4185 1143 4242 bezieht
1186 4184 1308 4240 sich

174 4261 274 4314 auf
311 4261 405 4316 die
451 4260 878 4315 Prokuratoren
924 4258 1061 4315 oder
1114 4258 1308 4327 prato·

1407 2632 1635 2687 rischen
1649 2629 1901 2701 Legateu
1921 2628 2141 2684 solcher
2156 2626 2535 2682 kaiser-lichen

1408 2701 1745 2769 Provinzen‚
1810 2700 1870 2755 in
1935 2700 2118 2755 denen
2190 2697 2324 2753 kein
2387 2696 2537 2752 Heer

1411 2775 1596 2840 stand,
1632 2771 1740 2827 wie
1768 2791 1814 2826 z.
1842 2770 1906 2824 B.
1943 2769 2005 2824 in
2033 2768 2258 2824 Gallien
2288 2768 2405 2823 und
2441 2767 2543 2824 auf

1408 2843 1612 2899 Iuseln.

1487 2921 1570 2969 10.
1590 2919 1655 2969 at
1672 2912 2035 2968 mandaverit.
2076 2911 2204 2980 Vgl.
2221 2909 2367 2964 Einl.
2387 2916 2435 2977 §-
2449 2916 2534 2965 98.

1485 2985 1583 3041 81.
1624 2992 1673 3039 1.
1725 2970 1879 3038 Uber
1927 2982 2018 3036 die
2055 2999 2185 3037 vom
2225 2982 2434 3036 Senate
2469 2999 2538 3035 zu

1411 3054 1803 3111 vollziehende
1853 3052 2029 3108 Wahl
2093 3053 2191 3107 der
2245 3051 2535 3119 Beamten‚

1413 3127 1507 3181 die
1547 3126 1695 3180 auch
1725 3125 1871 3195 jetzt
1905 3124 2053 3179 noch
2094 3121 2336 3178 Comitia
2371 3121 2535 3189 hiere,

1413 3216 1458 3251 s.
1498 3216 1569 3251 zu
1625 3212 1711 3266 cp.
1753 3201 1837 3250 15.
1919 3195 2061 3249 Eine
2110 3192 2537 3248 Pratorenwabl

1411 3267 1560 3323 nach
1605 3268 1736 3322 dem
1784 3282 1964 3321 neuen
2001 3265 2201 3320 Modus
2245 3264 2409 3319 hatte
2455 3264 2537 3317 im

1410 3339 1669 3464 {³3}ng
1695 3333 2539 3462 ξέτῗθηθὲῗιξιεαῖξυὲἓὲἒῖηἰέὲῗ

1411 3496 1545 3536 vom
1581 3480 1786 3534 Senate
1832 3478 2107 3547 gewahlt,
2144 3476 2277 3530 weil
2323 3476 2402 3529 sie
2437 3474 2536 3529 be-

1411 3551 1550 3605 reits
1586 3567 1716 3605 vom
1760 3548 1939 3604 Volke
1987 3547 2298 3617 designiert
2330 3563 2535 3602 waren.

1485 3627 1536 3676 2.
1609 3622 1844 3689 firmare.
1921 3618 1974 3673 S.
2011 3636 2078 3673 zu
2116 3624 2168 3686 3,
2209 3623 2295 3672 14.

1485 3697 1539 3747 4.
1573 3692 1890 3747 subtrahere
1924 3688 2005 3743 im
2037 3688 2205 3743 Sinne
2233 3706 2342 3744 von
2380 3690 2537 3744 omit·

1414 3767 1551 3826 tere,
1603 3763 1824 3817 reticere
1873 3760 1953 3814 ist
2006 3760 2135 3815 sehr
2185 3758 2366 3815 selten
2419 3761 2537 3814 und

1415 3832 1853 3887 nachklassisch.
1929 3861 1996 3872 —
2071 3830 2177 3885 Die
2240 3830 2540 3885 Bewerber

1415 3905 1616 3958 hatten
1680 3903 1802 3958 sich
1865 3900 1958 3957 bei
2022 3901 2151 3956 dem
2204 3900 2405 3955 Kaiser
2467 3920 2538 3956 zu

1417 3974 1671 4041 melden,
1717 3973 1817 4027 der
1863 3972 1984 4027 sich
2032 3971 2133 4026 das
2181 3972 2367 4027 Recht
2411 3988 2535 4027 vor-

1416 4043 1660 4112 behielt,
1705 4044 2007 4099 hbchstens
2050 4041 2172 4097 vier
2205 4059 2319 4097 von
2362 4043 2537 4097 ihuen

1418 4117 1546 4170 dem
1585 4116 1789 4170 Senate
1834 4114 2296 4196 vorzuschlagen.
2369 4111 2535 4167 Diese

1415 4187 1537 4240 vier
1599 4184 1840 4240 mufsten
1912 4184 2236 4253 notweudig
2300 4183 2537 4239 berflck-

1418 4256 1656 4326 sichtigt
1690 4254 1930 4310 werden.
