2867 4625
183 1114 262 1179 19

172 2449 263 2513 20

292 66 375 130 16
941 63 1288 122 CORNELII
1322 64 1570 121 TACITI
1607 64 2003 121 ANNALIUM

185 245 251 295 10
290 229 652 314 Gannasco,
688 229 803 293 ubi
838 228 1208 315 praesentia
1246 229 1407 293 satis
1447 229 1814 314 composita
1855 232 2026 312 sunt,
2062 229 2353 314 legiones
2388 250 2666 313 operum

289 322 356 383 et
391 319 639 383 laboris
676 318 972 403 ignavae,
1018 317 1551 401 populationibus
1588 318 1928 402 laetantes,
1965 319 2249 383 veterem
2288 316 2369 381 ad
2409 338 2664 383 morem

286 406 568 492 reduxit,
630 429 712 472 ne
779 407 924 493 quis
990 406 1248 490 agmine
1314 406 1650 471 decederet
1713 427 1835 471 nec
1901 426 2193 491 pugnam
2256 406 2385 470 nisi
2441 406 2667 472 iussus

286 496 502 561 iniret.
594 495 931 580 stationae,
975 495 1257 579 vigiliae,
1305 493 1537 564 diurna
1579 498 2025 580 nocturnaque
2073 495 2297 559 munia
2343 494 2413 558 in
2460 494 2669 561 armis

287 585 729 670 agitabantur.
818 584 1164 668 feruntque
1228 584 1529 666 militem,
1595 584 1749 669 quia
1808 583 2054 649 vallum
2115 605 2253 649 non
2314 584 2674 669 accinctae,

183 687 248 737 15
288 677 483 759 atque
549 674 776 757 alium,
841 673 994 757 quia
1055 673 1340 757 pugione
1405 675 1666 737 tantum
1728 672 2051 738 accinctus
2107 672 2387 754 foderet,
2452 675 2673 737 morte

284 763 568 846 punitos.
643 781 808 847 quae
845 761 1049 826 nimia
1086 764 1153 825 et
1189 762 1510 826 incertum
1549 783 1635 826 an
1670 762 1841 826 falso
1880 762 2054 826 iacta
2090 761 2414 847 originem
2440 764 2676 827 tamen

285 873 321 915 e
368 851 717 917 severitate
773 850 952 915 ducis
1007 853 1289 933 traxere,
1345 851 1801 935 intentumque
1852 852 1919 913 et
1963 850 2218 934 magnis
2267 848 2516 915 delictis
2566 851 2675 914 in-

286 941 680 1005 exorabilem
738 940 934 1023 scias,
990 939 1094 1002 cui
1146 941 1405 1003 tantum
1464 939 1837 1023 asperitatis
1885 938 2084 1003 etiam
2131 938 2438 1003 adversus
2484 939 2672 1004 levia.

288 1028 684 1094 credebatur.

465 1115 768 1182 Ceterum
824 1117 881 1181 is
936 1119 1148 1180 terror
1202 1115 1441 1180 milites
1497 1115 1848 1200 hostesque
1893 1115 1963 1179 in
2010 1115 2335 1181 diversum
2384 1115 2664 1180 adfecit:

283 1227 406 1270 nos
469 1207 780 1271 virtutem
844 1205 1165 1287 auximuS,
1229 1204 1496 1269 barbari
1549 1204 1861 1270 ferociam
1916 1204 2258 1289 infregere.
2350 1207 2417 1269 et
2468 1205 2664 1270 natio

284 1292 672 1379 Frisiorum,
720 1296 873 1379 post
925 1293 1347 1358 rebellionem
1391 1292 1571 1358 clade
1616 1292 1687 1359 L.
1728 1292 2005 1377 Apronii
2052 1297 2349 1377 coeptam
2394 1292 2667 1358 infensa

286 1386 400 1447 aut
445 1385 614 1448 male
655 1383 800 1462 fida,
847 1382 1016 1447 datis
1055 1381 1393 1447 obsidibus
1430 1381 1723 1447 consedit
1760 1381 1935 1465 apud
1972 1402 2167 1467 agros
2206 1404 2245 1447 a
2284 1379 2665 1447 Corbulone

212 1485 246 1535 5
286 1470 661 1555 discriptos.
716 1471 888 1536 idem
935 1473 1262 1552 senatum,
1319 1470 1773 1555 magistratus,
1797 1471 2000 1574 ‘leges
2046 1470 2357 1572 inposuit.
2448 1491 2525 1535 ac
2571 1492 2666 1535 ne

283 1559 462 1625 iussa
499 1564 826 1644 exuerent,
861 1559 1256 1643 praesidium
1293 1559 1687 1639 immunivit,
1724 1560 1943 1624 missis
1981 1560 2091 1645 qui
2128 1558 2408 1623 maiores
2446 1556 2670 1624 Chau-

284 1669 395 1712 cos
450 1649 532 1714 ad
589 1648 981 1713 deditionem
1035 1648 1443 1731 pellicerent,
1498 1609 1693 1712 simul
1749 1646 2159 1714 Gannascum
2214 1645 2366 1713 dolo
2426 1646 2669 1732 adgre-

284 1737 605 1802 derentur.
704 1759 825 1802 nec
887 1737 1121 1802 inritae
1188 1739 1304 1800 aut
1367 1737 1719 1822 degeneres
1780 1736 2053 1801 insidiae
2108 1735 2286 1801 fuere
2345 1735 2666 1801 adversus

282 1825 690 1911 transfugam
748 1832 815 1891 et
867 1826 1256 1892 violatorem
1311 1825 1478 1891 fidei.
1571 1825 1683 1890 sed
1739 1825 1931 1890 caede
1988 1825 2126 1891 eius
2179 1827 2394 1890 motae
2443 1822 2668 1890 Chau-

180 1930 247 1979 10
284 1935 509 1980 corum
574 1918 852 1999 mentes,
917 1918 984 1980 et
1040 1912 1321 1980 Corbulo
1388 1914 1639 1979 semina
1701 1914 2072 1994 rebellionis
2132 1913 2516 1997 praebebat,
2580 1919 2667 1978 ut

284 2002 458 2069 laeta
524 2005 691 2089 apud
746 2005 1116 2088 plerosque,
1178 2003 1274 2067 ita
1329 2002 1502 2087 apud
1556 2002 1872 2087 quosdam
1928 2003 2195 2069 sinistra
2248 2002 2442 2067 fama.
2537 2023 2664 2067 cur

282 2091 542 2158 hostem
578 2093 904 2160 conciret?
941 2091 1268 2157 adversa
1248 2113 1318 2155 m
1355 2112 1496 2155 rem
1531 2092 1859 2194 publicam
1896 2113 2152 2157 casura:
2201 2091 2303 2155 sin
2337 2111 2662 2193 prospere

285 2182 551 2267 egisset,
602 2182 1099 2247 formidolosum
1156 2179 1302 2264 paci
1346 2180 1559 2245 virum
1603 2181 1928 2264 insignem
1975 2183 2041 2244 et
2083 2181 2320 2265 ignavo
2366 2179 2664 2263 principi

281 2292 722 2357 praegravem.
813 2269 1018 2356 igitur
1073 2267 1381 2336 Claudius
1440 2268 1600 2335 adeo
1655 2290 1892 2335 novam
1947 2269 2017 2334 in
2071 2266 2454 2334 Germanias
2511 2270 2661 2334 vim

179 2374 247 2424 15
284 2360 644 2445 prohibuit,
695 2364 771 2426 ut
814 2359 1043 2424 referri
1088 2358 1413 2443 praesidia
1460 2359 1551 2423 cis
1597 2357 1901 2424 Rhenum
1946 2358 2217 2423 iuberet.

457 2448 598 2514 Iam
645 2453 861 2514 castra
904 2449 976 2513 in
1022 2447 1246 2512 hostili
1293 2447 1433 2513 solo
1481 2446 1777 2512 molienti
1824 2446 2181 2513 Corbuloni
2225 2467 2339 2510 eae
2384 2445 2658 2512 litterae

281 2537 655 2603 redduntur.
727 2538 839 2603 ille
874 2559 946 2602 re
980 2536 1217 2620 subita,
1255 2558 1648 2620 quamquam
1684 2536 1892 2600 multa
1920 2535 2113 2600 simul
2142 2534 2660 2618 offunderentur‚

281 2630 493 2692 metus
541 2649 618 2692 ex
664 2626 1084 2711 imperatore,

354 2824 439 2873 11.
482 2819 721 2889 ignavus
756 2818 863 2872 mit
900 2818 1030 2873 dem
1058 2816 1296 2872 Genetiv
1332 2816 1409 2871 ist

282 2883 385 2946 ἅπ.
425 2887 527 2959 εἰρ.
565 2890 712 2945 nach
747 2889 1022 2959 Analogie
1058 2904 1171 2944 von
1205 2889 1407 2959 scynis,

274 2976 430 3028 acer,
465 2962 726 3031 ἑωρῶμεν,
761 2966 1040 3026 strenuus,
1070 2975 1358 3041 properus,

351 3036 437 3085 14.
482 3047 598 3086 non
634 3033 928 3086 accinctus.
994 3030 1156 3084 Auch
1184 3029 1278 3085 bei
1305 3030 1406 3085 der

279 3101 685 3157 Schanzarbeit
709 3101 957 3156 mussten
975 3101 1073 3168 sie,
1100 3099 1209 3155 wie
1227 3101 1402 3170 sonet,

279 3171 382 3227 das
425 3172 681 3226 Schwert
726 3188 798 3226 an
844 3172 945 3226 der
989 3171 1185 3225 linken
1232 3143 1402 3240 Seite,

274 3243 389 3298 den
424 3243 605 3298 Dolch
652 3261 725 3298 an
771 3243 871 3298 der
915 3243 1147 3297 rechten
1181 3243 1399 3312 tragen.

350 3384 447 3440 19.
523 3391 570 3440 1.
625 3386 678 3441 is
739 3389 940 3452 terror,
1001 3383 1251 3439 namlich
1309 3383 1401 3439 die

278 3455 517 3539 Sti-enge
564 3457 662 3511 des
700 3456 943 3513 Corbulo
979 3455 1094 3510 und
1134 3455 1225 3510 die
1262 3454 1400 3510 Ver-

275 3525 541 3598 treibung
578 3528 677 3583 des
715 3528 1059 3628 Gr‘annascus.

346 3601 603 3668 4.paud
658 3599 786 3669 „in“
843 3598 1400 3668 wie1,64apud

271 3670 523 3738 paludes.

347 3746 396 3795 6.
445 3758 638 3797 exuere
690 3742 871 3808 iussa,
923 3741 1070 3796 nach
1120 3740 1399 3811 Analogie

276 3828 386 3868 von
433 3830 627 3869 exuere
670 3814 857 3881 fidem,
913 3813 1250 3882 obsequium,
1287 3828 1400 3881 pa-

275 3899 411 3950 cem,
474 3885 804 3951 amicitiam,
861 3889 1055 3953 pacta,
1101 3884 1396 3952 promissa,

275 3955 417 4009 alles
461 3956 523 4011 in
569 3957 678 4011 den
715 3955 994 4022 Annalem
1043 3954 1283 4009 seltener
1318 3954 1398 4007 ist

276 4024 457 4079 dieser
484 4025 779 4083 Gebrauch
815 4041 925 4082 von
961 4042 1156 4080 exuere
1189 4024 1250 4079 in
1286 4024 1398 4078 den

275 4093 536 4158 frfihcoeen
580 4098 860 4153 Schriften
905 4096 1002 4152 des
1040 4094 1284 4150 Tacitus.
1327 4126 1394 4135 —-

275 4164 590 4224 immivit
636 4169 822 4239 „legte
863 4185 924 4223 er
948 4166 1044 4221 bei
1068 4166 1241 4221 ihnen
1268 4167 1376 4220 an“

270 4252 375 4290 απ.
425 4240 526 4307 elo.
591 4212 867 4295 Ahnliche
920 4237 1396 4307 Wortbildungen

1133 2624 1533 2708 contemptio
1581 2647 1658 2689 ex
1702 2624 2022 2704 barbaris,
2068 2622 2424 2688 ludibrium
2468 2623 2658 2706 apud

1516 2815 1642 2870 sind
1661 2816 1969 2872 incombere
1978 2814 2266 2886 (Lucrez)'
2242 2830 2654 2871 mamarescere

1516 2887 1739 2957 (Horaz)
1777 2892 2035 2942 incenare
2065 2886 2243 2957 (Suet.
2275 2885 2398 2940 Tib.
2428 2888 2541 2951 39).
2573 2917 2651 2927 —

1514 2960 1763 3025 maiores,
1801 2958 2078 3012 zwischen
2104 2958 2306 3012 Weser
2334 2956 2451 3011 und
2478 2956 2653 3012 Elbe.

1514 3029 1727 3155 {legen
1725 3027 1960 3085 Westen
1989 3028 2254 3084 wohnten
2282 3025 2373 3082 die
2401 3028 2656 3084 minores

1596 3116 1739 3155 aum.

1583 3176 1632 3227 8.
1708 3168 1988 3241 deqeneres
2062 3169 2448 3268 eigentlich‚
2453 3174 2658 3235 Num-6

1510 3242 1725 3297 misch“
1816 3241 1991 3296 daher
2055 3240 2346 3310 „unedel‘fi
2442 3239 2656 3310 Gegen

1511 3313 1620 3368 den
1657 3286 1947 3368 eidbruch
1991 3329 2060 3367 en
2073 3284 2472 3365 Landesfeind
2510 3310 2664 3365 hale

1509 3383 1740 3439 Tacitus
1779 3384 1887 3439 den
1984 3384 2085 3439 ord
2120 3383 2212 3437 fiir
2249 3380 2489 3437 erlaubt.

1581 3461 1632 3509 9.
1678 3456 1930 3522 violator,
1966 3455 2153 3509 zuerst
2186 3452 2280 3507 bei
2318 3450 2484 3522 ovid,
2526 3453 2648 3516 seit

1510 3525 1702 3581 Livius
1740 3526 1885 3581 auch
1919 3525 1981 3579 in
2016 3525 2115 3580 der
2149 3524 2337 3578 Prosa.

1582 3602 1665 3653 14.
1734 3598 1847 3652 Der
1899 3596 2093 3652 Plural
2149 3594 2481 3650 Germanias
2536 3594 2645 3650 be-

1507 3667 1764 3723 zeichnet
1790 3667 1882 3722 die
1910 3665 2346 3723 verschiedenen
2374 3664 2643 3722 Stamme

1508 3739 1608 3794 der
1632 3739 1952 3794 Deutschen
1974 3737 2209 3808 jenseits
2236 3738 2335 3791 des
2363 3735 2644 3793 Rheines.

1574 3879 1674 3935 20.
1708 3885 1757 3936 2.
1786 3880 2219 3947 offunderentur.
2265 3877 2397 3947 Vgl.
2426 3878 2539 3947 ΚΡ.
2559 3884 2638 3934 31

1501 3952 1640 4006 satis
1666 3956 1881 4006 constat
1905 3966 1965 4006 eo
1973 3966 2182 4019 pavore
2200 3950 2439 4016 officswn
2458 3950 2640 4005 Olau-
2752 4001 2766 4009 .

1502 4023 1658 4078 dium
1694 4023 1791 4077 ctt.
1870 4022 1943 4077 So
1982 4022 2157 4076 schon
2189 4019 2285 4075 bei
2323 4019 2538 4075 Livius.

1576 4099 1624 4148 3.
1672 4098 1843 4149 metus
1888 4094 2005 4148 und
2047 4098 2279 4147 metuere
2325 4106 2394 4146 ex
2437 4092 2639 4161 aliquo

1504 4166 1645 4220 statt
1681 4164 1779 4230 ab,
1821 4163 1916 4218 bei
1954 4164 2185 4219 Tacitus
2224 4161 2395 4229 oster,
2437 4165 2642 4218 zuerst

1502 4235 1596 4291 bei
1634 4235 1768 4290 Sall.
1807 4235 1971 4291 Catil.
2011 4240 2096 4304 52,
2132 4240 2196 4291 16
2232 4234 2286 4289 si
2318 4234 2639 4303 periculam
