2867 4625
995 98 1217 155 LIBER
1253 98 1349 156 IV.
1407 99 1563 155 CAP.
1593 105 1826 156 48-50.
2470 100 2603 167 233

423 262 701 328 Postera
765 262 867 327 die
928 260 1209 329 Sabinus
1276 264 1631 329 exercitum
1692 283 1899 349 aequo
1960 264 2108 330 loco
2170 263 2486 349 ostendit,
2551 262 2608 329 si
2624 262 2714 329 49

233 352 514 418 barbari
568 373 872 417 successu
925 352 1137 418 noctis
1196 352 1445 419 alacres
1501 353 1822 437 proelium
1884 352 2214 421 auderent.
2308 356 2374 418 et
2431 356 2608 437 post-

238 463 441 526 quam
491 440 760 507 castello
799 442 915 506 aut
953 442 1314 508 coniunctis
1350 442 1622 508 tumulis
1660 463 1795 506 non
1833 441 2392 526 degrediebantur‚
2438 441 2609 508 obsi-

241 530 427 596 dium
466 530 686 614 coepit
719 552 838 615 per
873 530 1219 616 praesidia,
1265 552 1431 617 quae
1470 535 1835 616 opportune
1872 531 2004 595 iam
2042 530 2394 597 muniebat.
2458 530 2610 596 dein

238 618 495 685 fossam
549 618 950 703 loricamque
1004 624 1357 686 contexens
1416 623 1725 706 quattuor
1770 620 1952 685 milia
1997 642 2308 704 passuum
2357 620 2608 685 ambitu
2647 633 2680 683 5

238 708 584 793 amplexus
632 709 761 792 est3
818 712 958 772 tum
1012 708 1361 794 paulatim,
1414 711 1492 774 ut
1546 730 1783 794 aquam
1828 709 2269 794 pabulumque
2315 710 2611 794 eriperet,

238 796 632 864 contrahere
690 798 976 863 claustra
1030 802 1300 884 artaque
1349 798 1768 864 circumdare.
1859 800 1926 863 et
1971 799 2348 863 struebatur
2393 818 2612 883 agger,

233 885 413 952 unde
461 908 621 950 saxa
663 885 894 951 hastae
939 886 1122 972 ignes
1169 887 1610 972 propinquum
1645 887 1777 952 iam
1814 887 1884 951 in
1920 886 2179 953 hostem
2225 887 2611 953 iacerentur.

238 975 359 1041 sed
414 974 584 1039 nihil
640 995 843 1059 aeque
901 997 1097 1060 quam
1154 976 1298 1041 sitis
1353 976 1710 1062 fatigabat,
1766 999 1913 1042 cum
1967 976 2203 1062 ingens
2260 975 2608 1041 multitudo

239 1064 664 1143 beUatorum,
708 1063 1048 1129 inbellium
1095 1086 1225 1130 uno
1271 1065 1524 1150 reliquo
1572 1065 1753 1130 fonte
1798 1068 2153 1130 uterentur.
2228 1064 2425 1130 simul
2462 1064 2611 1150 equi
2651 1078 2718 1128 10

241 1155 567 1235 armenta,
610 1156 688 1217 ut
730 1174 874 1219 mos
920 1153 1241 1239 barbaris,
1285 1154 1469 1219 iuxta
1514 1154 1756 1237 clausa,
1802 1157 2095 1239 egestate
2131 1152 2357 1238 pabuli
2395 1152 2611 1218 exani-

246 1241 455 1326 mari,
524 1240 816 1308 adiacere
876 1263 1153 1327 corpora
1209 1241 1579 1326 hominum,
1645 1264 1810 1327 quos
1874 1243 2172 1325 vulnera,
2236 1264 2399 1327 quos
2464 1242 2611 1307 sitis

239 1333 653 1415 peremerat3
700 1330 913 1414 pollui
959 1335 1196 1397 cuncta
1243 1332 1451 1415 sanie,
1498 1331 1713 1416 odore,
1761 1335 2087 1397 contactu.

436 1417 783 1504 Rebusque
845 1420 1129 1486 turbatis
1193 1421 1437 1485 malum
1502 1426 1862 1486 extremum
1925 1419 2253 1486 discordia
2317 1419 2612 1504 accessit,
2631 1416 2721 1483 50

241 1507 357 1573 his
406 1507 824 1592 deditionem,
879 1508 1026 1575 aliis
1088 1512 1364 1574 mortem
1410 1513 1478 1573 et
1521 1512 1784 1574 mutuos
1829 1509 2003 1574 inter
2049 1531 2120 1574 se
2165 1508 2331 1574 ictus
2377 1530 2610 1593 paran-

248 1596 451 1662 tibus.
525 1599 594 1662 et
641 1600 827 1661 erant
873 1598 986 1683 qui
1030 1620 1164 1663 non
1207 1597 1493 1663 inultum
1541 1597 1811 1663 exitium
1859 1597 1971 1662 sed
2018 1597 2426 1684 eruptionem
2465 1618 2608 1662 sua-

241 1684 497 1751 derent.
585 1707 796 1770 neque
841 1686 1165 1772 ignobiles
1209 1689 1469 1752 tantum
1514 1686 1620 1751 his
1667 1686 1907 1752 diversi
1968 1687 2334 1770 sententiis,
2386 1708 2612 1751 verum

248 1797 285 1839 e
346 1773 616 1839 ducibus
674 1773 892 1859 Dinis,
948 1778 1293 1860 provectus
1351 1778 1618 1841 senecta
1671 1779 1739 1840 et
1791 1777 1991 1861 longo
2045 1796 2171 1841 usu
2225 1775 2359 1840 vim
2415 1778 2612 1859 atque
2650 1790 2685 1840 ὅ

248 1863 667 1928 clementiam
713 1862 1078 1929 Romanam
1125 1863 1422 1942 edoctus,
1479 1864 1782 1948 ponenda
1829 1885 2040 1948 arma,
2085 1885 2281 1928 unum
2331 1863 2612 1929 adflictis

242 1951 317 2016 id
366 1951 725 2016 remedium
781 1952 1171 2036 disserebat,
1227 1952 1602 2037 primusque
1648 1975 1717 2018 se
1763 1973 1911 2018 cum
1958 1953 2235 2040 coniuge
2281 1956 2348 2017 et
2391 1951 2613 2017 liberis

243 2039 488 2106 victori
550 2041 880 2125 permisit3
946 2041 1151 2107 secuti
1216 2044 1431 2106 aetate
1501 2046 1615 2107 aut
1679 2062 1837 2107 sexu
1900 2042 2188 2107 inbecilli
2251 2046 2320 2106 et
2378 2042 2614 2126 quibus

241 2128 464 2194 maior
515 2128 691 2193 vitae
746 2151 941 2215 quam
997 2128 1246 2214 gloriae
1303 2130 1558 2214 cupido.
1651 2134 1720 2195 at
1772 2131 2075 2195 iuventus
2122 2129 2395 2194 Tarsam
2442 2130 2615 2194 inter

242 2222 314 2284 et
375 2216 673 2282 Turesim
730 2218 1237 2284 distrahebatur.
1326 2220 1589 2304 utrique
1647 2218 2046 2284 destinatum
2101 2240 2248 2283 cum
2303 2216 2611 2283 libertate
2653 2236 2723 2286 10

238 2305 571 2392 occidere,
627 2306 741 2373 sed
786 2306 992 2373 Tarsa
1035 2307 1515 2393 properandum
1562 2308 1758 2374 finem
1769 2360 1787 2394 ‚
1845 2307 2321 2393 abrumpendas
2366 2305 2615 2392 pariter

241 2418 405 2481 spes
452 2418 527 2461 ac
581 2400 792 2461 metus
850 2397 1219 2482 clamitans,
1274 2395 1454 2462 dedit
1508 2399 1873 2482 exemplum
1928 2397 2208 2462 demisso
2263 2397 2331 2461 in
2383 2398 2611 2481 pectus

239 2486 459 2571 feri-03
515 2507 636 2550 nec
692 2484 950 2550 defuere
1006 2486 1118 2571 qui
1173 2486 1400 2552 eodem
1447 2486 1644 2552 modo
1692 2489 2094 2571 oppeterent.
2184 2483 2447 2550 Turesis
2494 2506 2614 2549 sua

242 2596 402 2641 cum
448 2595 647 2639 manu
691 2578 951 2641 noctem
998 2574 1361 2660 opperitur,
1405 2575 1582 2640 haud
1627 2574 1848 2641 nescio
1895 2575 2055 2640 duce
2099 2577 2358 2658 nostro;
2411 2573 2614 2659 igitur

323 2781 426 2840 49.
486 2788 534 2837 1.
591 2783 645 2837 si
689 2784 801 2853 „ob
839 2784 1027 2839 etwa“
1065 2785 1173 2840 wie
1213 2790 1273 2852 1,
1310 2791 1381 2841 48
1494 2789 1614 2839 161.
1666 2782 1765 2838 Sil.
1806 2787 1891 2852 12,
1928 2788 2055 2850 442,
2091 2798 2181 2838 wo
2216 2782 2464 2837 claustra
2497 2798 2615 2836 ma·

251 2856 511 2912 dandum
538 2854 722 2909 adhuc
748 2856 995 2925 spatium
1020 2861 1199 2922 ratus,
1234 2856 1286 2912 si
1313 2886 1375 2896 —
1491 2856 1572 2911 ris
1606 2852 2019 2910 Hafendamme
2057 2854 2203 2909 sind.

243 2926 368 2984 sibi
407 2926 764 2983 consulerent.
835 2931 921 2993 12,
960 2930 1027 2980 18
1063 2927 1181 2980 und
1219 2925 1381 2983 efter.
1564 2930 1615 2980 8.
1652 2941 1797 2981 saxa
1832 2930 1923 2983 οτι.
1978 2924 2196 2981 Andere
2223 2929 2276 2994 2,
2303 2929 2370 2979 81
2407 2923 2616 2991 hastae,

250 2997 373 3054 Cic.
404 2997 481 3052 ad
506 2993 628 3051 Att.
653 3002 737 3064 13,
758 3001 846 3065 22,
867 3002 898 3050 5
930 2998 1220 3066 epistulam
1252 2995 1383 3052 Gae—
1490 3012 1636 3052 saxa
1671 3002 1722 3051 et
1753 2996 1919 3063 faces.

244 3069 400 3126 saris
445 3069 604 3136 misi,
649 3068 729 3166 ⁸²⁶.
745 3068 933 3123 minus
979 3069 1192 3152 12913229
1239 3068 1386 3137 (,‚ffir
1566 3073 1632 3151 9..
1667 3053 1823 3121 Uber
1866 3084 2033 3137 quam
2076 3066 2224 3122 nach
2267 3066 2413 3120 mm
2449 3080 2616 3135 aeque

248 3140 366 3194 den
402 3137 530 3220 Fall
567 3137 710 3193 dass‘
730 3140 769 3208 ).
819 3138 1044 3195 Ebenso
1086 3140 1176 3195 bei
1212 3138 1387 3194 Casar
1494 3159 1539 3195 s.
1566 3138 1714 3193 Eml.
1743 3143 1792 3204 5.
1822 3143 1910 3194 93.
2153 3210 2165 3223 .
2321 3207 2334 3221 ο
2557 3205 2569 3217 0

242 3210 373 3335 ¹²¹²}
385 3208 682 3350 sslfflia
695 3279 822 3335 sind
830 3255 1379 3363 BefestigungenJan
1487 3210 2079 3364 Aslffideffoexllffztgglss'
2094 3208 2478 3363 εέῗξῖἔῖζὲῗέ.
2520 3221 2614 3261 ⁶¹¹²

247 3350 439 3406 denen
465 3350 641 3405 schon
668 3351 986 3421 gearbeitet
1011 3351 1192 3419 ward;
1224 3351 1378 3407 (hese
1638 3388 1657 3408 .
1694 3355 1745 3407 4.
1783 3352 1987 3407 (Inversa
2007 3377 2073 3396 =
2094 3356 2385 3417 contram,
2421 3348 2612 3403 adver-

242 3422 459 3477 kamen
492 3421 614 3475 ihm
650 3439 719 3476 zu
758 3422 974 3477 statten
1008 3423 1374 3493 (opportune).
1485 3426 1689 3505 santes3
1714 3420 1822 3478 wie
1856 3427 1939 3491 13,
1960 3427 1992 3476 9
2022 3437 2347 3503 componere·
2368 3419 2617 3475 diversos

242 3498 405 3621 bugd
430 3493 812 3618 ζοζαέτζξθεξ
830 3565 948 3618 und
974 3491 1378 3633 ἯΠΕέἷονζὲῧ
1486 3512 1523 3550 ¹⁸
1554 3509 1610 3618 Ξ..
1632 3491 2464 3619 ἀξῗεῗῑέἰθῗῒὲῃθῖοῗίἰὲεὲᾱέἕιξη
2510 3560 2612 3616 der

242 3635 534 3691 zwischen
579 3634 689 3690 den
733 3634 1023 3717 einzelnen
1067 3634 1378 3717 Kastellen,
1487 3634 1845 3714 Anastrophe
1882 3651 1926 3689 s.
1955 3632 2102 3689 Einl.
2131 3640 2179 3701 5.
2213 3638 2335 3702 ue,
2363 3633 2418 3688 b.
2552 3704 2563 3715 ·
2603 3703 2614 3715 ⁶

244 3706 527 3761 wodurch
591 3707 711 3761 erst
773 3706 866 3761 die
921 3705 1381 3776 Emschhel‘sung
1562 3710 1648 3759 11.
1677 3706 2111 3775 properandum.
2150 3704 2281 3775 Vgl.
2311 3711 2361 3772 2,
2391 3708 2459 3758 31
2479 3718 2613 3787 ‘msc

242 3775 1380 3905 {2³32thssss.{15:?‘.¹?53.?¹2⁴²35⁸
1488 3776 1897 3917 Quam
1914 3778 2611 3917 mZthmpfflssss'ffl‘ffiff:

324 3924 373 3975 ’1.
432 3920 751 4002 contrahere
799 3920 1062 4003 olquam.
1127 3919 1203 3974 Es
1238 3917 1381 3973 wird
1479 3890 1647 3990 peret·
1681 3934 1807 4001 per·
1837 3888 2091 4001 volpem·
2115 3923 2353 3974 mortem
2399 3945 2471 3998 7-
2517 3914 2611 3969 ab·

247 3990 376 4046 also
426 4007 555 4046 eme
590 3991 788 4046 zweite
825 3989 1380 4045 circumvallahons·
1486 4005 1738 4059 rumpere
1790 3990 1869 4043 ist
1920 4007 1982 4043 in
2037 3989 2220 4045 dieser
2284 3985 2611 4055 tropischen

249 4060 394 4117 linie
413 4063 564 4117 nach
581 4061 754 4116 innon
780 4079 850 4116 zu
879 4061 1162 4131 angelegt.
1211 4059 1379 4116 Diese
1488 4059 1824 4130 Bedeutung
1878 4059 2221 4115 dichterisch
2275 4058 2392 4112 und
2435 4055 2612 4111 nach-

245 4133 426 4189 heisst
458 4133 583 4189 hier
618 4134 894 4201 claustra,
940 4131 1048 4187 wie
1085 4148 1219 4186 man
1257 4131 1380 4186 der·
1492 4131 1787 4187 klassisch.
1845 4129 1899 4186 S.
1930 4130 2077 4185 Einl.
2107 4136 2154 4196 5.
2187 4134 2309 4196 122,
2335 4129 2377 4183 f.

248 4204 517 4276 gleichen
531 4203 724 4260 Mittel
739 4220 837 4257 zur
852 4202 1217 4286 Absperrung
1236 4202 1382 4258 auch
1566 4208 1649 4258 13.
1686 4205 1934 4272 oppetere
1953 4203 2098 4257 ohne
2118 4201 2219 4255 das
2239 4197 2451 4269 Objekt
2469 4213 2610 4254 mor-

253 4277 419 4334 sonst
451 4277 682 4333 nannte.
746 4272 877 4344 Vgl.
907 4273 1066 4344 Virg.
1096 4274 1302 4344 Georg.
1330 4279 1382 4343 2,
1488 4276 1622 4342 tem3
1659 4289 1705 4331 s.
1732 4291 1800 4327 zu
1838 4278 1889 4339 2,
1916 4277 2004 4328 24.
