2867 4625
290 109 332 173 2
339 109 425 175 80
944 107 1292 165 CORNELII
1328 108 1573 167 TACITI
1607 108 2000 166 ANNALIUM

293 273 512 356 tibus,
537 271 687 337 dein
719 271 1116 357 Ptolemaeo,
1154 273 1264 358 qui
1312 294 1389 337 ex
1425 272 1892 339 Macedonibus
1938 274 2170 339 tertius
2217 274 2538 359 regnavit,
2569 275 2642 338 in

293 362 627 431 civitatem
673 360 777 426 cui
822 359 1189 446 Heliopolis
1234 383 1470 427 nomen
1520 361 1957 446 advolavisse,
2010 362 2221 428 multo
2278 366 2646 428 ceterarum

290 449 629 516 volucrum
675 450 991 516 comitatu
1045 471 1282 516 novam
1337 450 1574 516 faciem
1629 451 2025 517 mirantium.
2125 451 2238 517 sed
2284 452 2645 535 antiquitas

291 538 551 624 quidem
598 539 899 605 obscura:
944 539 1117 603 inter
1152 539 1603 605 Ptolemaeum
1652 561 1727 605 ac
1764 540 2094 605 Tiberium
2131 541 2345 605 minus
2385 540 2647 606 ducenti

186 644 253 694 15
292 627 768 713 quinquaginta
805 627 959 693 anni
1003 628 1281 694 fuerunt.
1366 629 1534 694 unde
1579 628 1883 694 nonnulli
1936 629 2173 694 falsum
2218 629 2393 694 hunc
2448 629 2646 713 phoe-

288 717 499 782 nicem
554 737 766 801 neque
811 715 1106 782 Arabum
1162 738 1196 782 e
1251 718 1447 782 terris
1503 716 1830 783 credidere
1888 718 2180 803 nihilque
2225 719 2646 801 usurpavisse

286 827 364 869 ex
409 806 509 890 iis,
556 827 721 889 quae
759 807 944 870 vetus
980 806 1294 871 memoria
1329 805 1630 872 firmavit.
1704 806 1999 872 confecto
2038 807 2278 892 quippe
2320 828 2645 872 annorum

285 916 587 978 numer0,
652 893 764 960 ubi
822 915 997 959 mors
1061 895 1484 981 propinquet,
1539 895 1674 960 suis
1737 896 1809 960 in
1862 896 2054 961 terris
2112 900 2363 965 struere
2416 894 2647 961 nidum

288 985 471 1068 eique
518 983 650 1048 vim
697 983 1047 1068 genitalem
1085 982 1455 1066 adfundere,
1499 1004 1577 1048 ex
1615 1006 1745 1069 qua
1781 985 1990 1050 fetum
2027 985 2210 1068 oriri3
2257 989 2326 1049 et
2360 985 2646 1069 primam

184 1090 252 1140 20
289 1072 512 1137 adulto
559 1093 780 1137 curam
828 1071 1181 1156 sepeliendi
1234 1072 1470 1156 patris,
1515 1094 1721 1158 neque
1766 1073 1835 1137 id
1892 1077 2157 1158 temere,
2214 1072 2324 1139 sed
2381 1072 2648 1139 sublato

291 1182 549 1227 murrae
595 1160 880 1243 pondere
933 1163 1381 1246 temptatoque
1426 1182 1544 1245 per
1587 1161 1856 1248 longum
1914 1162 2058 1245 iter,
2102 1163 2217 1227 ubi
2262 1184 2384 1245 par
2438 1162 2649 1247 oneri,

288 1271 409 1333 par
455 1250 697 1315 meatui
743 1250 857 1331 sit,
914 1249 1129 1314 subire
1184 1249 1474 1333 patrium
1520 1272 1751 1336 corpus
1804 1252 2001 1335 inque
2048 1249 2220 1316 Solis
2269 1272 2448 1315 aram
2495 1272 2641 1335 per·

289 1339 457 1405 ferre
503 1342 697 1422 atque
744 1338 1019 1403 adolere.
1110 1338 1271 1404 haec
1315 1339 1565 1404 incerta
1611 1343 1678 1404 et
1722 1339 2039 1405 fabulosis
2089 1342 2309 1405 aucta:
2354 1342 2649 1406 ceterum

290 1427 492 1511 aspici
538 1426 886 1511 aliquando
933 1427 1003 1492 in
1047 1426 1370 1512 Aegypto
1403 1449 1547 1493 eam
1594 1428 1920 1494 volucrem
1964 1450 2097 1493 non
2144 1428 2520 1514 ambigitur.

181 1519 268 1583 29
471 1516 562 1581 At
605 1514 853 1581 Romae
901 1515 1091 1580 caede
1137 1517 1447 1582 continua
1491 1516 1893 1601 Pomponius
1936 1516 2172 1600 Labeo,
2220 1539 2410 1602 quem
2456 1538 2649 1601 prae-

289 1604 487 1671 fuisse
533 1604 822 1670 Moesiae
868 1605 1120 1689 rettuli,
1173 1626 1290 1689 per
1337 1605 1646 1690 abruptas
1692 1628 1892 1672 venas
1950 1606 2334 1692 sanguinem
2382 1605 2647 1687 effudit3

289 1694 738 1778 aemulataque
803 1697 904 1758 est
967 1695 1248 1758 coniunx
1307 1692 1579 1760 Paxaea.
1678 1717 1831 1760 nam
1885 1699 2224 1780 promptas
2282 1695 2420 1760 eius
2466 1695 2650 1760 modi

288 1786 530 1847 mortes
590 1785 803 1847 metus
864 1782 1178 1848 carnificis
1242 1782 1552 1868 faciebat,
1616 1787 1682 1848 et
1736 1783 1886 1870 quia
1940 1784 2229 1849 damnati
2288 1783 2647 1869 publicatis

218 1890 250 1940 5
287 1871 477 1935 bonis
538 1870 874 1955 sepultura
930 1872 1467 1957 prohibebantur,
1532 1893 1754 1938 eorum
1818 1873 1929 1957 qui
1989 1873 2069 1938 de
2127 1895 2196 1938 se
2258 1873 2644 1938 statuebant

288 1959 733 2024 humabantur
776 1981 1065 2045 corpora,
1115 1961 1469 2025 manebant
1503 1964 1915 2039 testamenta,
1951 1962 2232 2046 pretium
2268 1961 2650 2027 festinandi.

291 2047 403 2113 sed
435 2045 676 2113 Caesar
702 2048 919 2113 missis
951 2048 1032 2113 ad
1062 2052 1358 2114 senatum
1385 2050 1623 2115 litteris
1653 2051 1960 2115 disseruit
1986 2072 2237 2116 morem
2272 2050 2479 2117 fuisse
2510 2072 2651 2115 ma-

288 2137 556 2222 ioribus,
585 2138 883 2222 quotiens
921 2136 1293 2203 dirimerent
1332 2138 1672 2222 amicitiaS,
1708 2139 2092 2205 interdicere
2130 2139 2325 2217 domo
2364 2161 2647 2224 eumque

288 2226 487 2291 finem
526 2227 776 2313 gratiae
811 2247 1078 2310 ponere:
1116 2226 1184 2291 id
1222 2248 1291 2291 se
1327 2227 1708 2312 repetivisse
1744 2229 1812 2293 in
1838 2227 2163 2312 Labeone,
2202 2232 2402 2313 atque
2439 2228 2650 2314 illum,

186 2336 253 2386 10
292 2316 445 2401 quia
483 2316 652 2380 male
698 2315 1190 2382 administratae
1227 2317 1598 2401 provinciae
1638 2319 2038 2403 aliorumque
2074 2318 2166 2384 cri
2238 2318 2422 2383 inum
2459 2339 2651 2404 urge-

290 2406 503 2488 batur,
549 2405 805 2489 culpam
852 2406 1097 2471 invidia
1132 2406 1466 2490 velavisse,
1501 2406 1749 2472 frustra
1795 2406 2145 2473 conterrita
2278 2428 2411 2491 ore,
2451 2429 2652 2492 quam

292 2494 418 2559 etsi
460 2497 798 2560 nocentem
836 2494 1105 2579 periculi
1148 2498 1368 2559 tamen
1414 2498 1743 2578 expertem
1793 2496 2012 2562 fuisse.
2083 2494 2193 2561 Ma
2267 2518 2451 2561 ercus
2501 2495 2652 2560 dein

293 2580 573 2649 Scaurus
611 2605 869 2648 rursum
906 2584 1295 2668 postulatur,
1333 2584 1609 2670 insignis
1645 2586 1991 2650 nobilitate
2019 2587 2086 2649 et
2114 2606 2230 2650 ora
2278 2585 2378 2649 dis
2415 2586 2653 2668 causis,

294 2672 433 2737 vita
478 2672 851 2757 probrosus.
923 2672 1094 2738 nihil
1128 2673 1302 2737 hunc
1348 2672 1643 2738 amicitia
1687 2671 1922 2760 Seiani,
1961 2674 2072 2738 sed
2120 2672 2430 2739 labefecit
2474 2674 2652 2739 haud

187 2780 255 2830 15
295 2761 513 2827 minus
560 2760 849 2827 validum
905 2762 987 2826 ad
1042 2762 1240 2826 exitia
1284 2759 1614 2828 Macronis
1672 2761 1916 2847 odium,
1983 2762 2094 2848 qui
2155 2761 2416 2827 easdem
2478 2769 2652 2828 artes

365 2941 450 2991 18.
533 2936 652 2991 suis
699 2936 765 2991 in
808 2937 996 3003 terris,
1052 2936 1302 2992 namlich
1355 2936 1416 2991 in
1598 2943 1647 2992 6.
1729 2937 2028 2992 manebant
2081 2940 2417 2993 testamenta.
2512 2936 2654 2992 Dass

290 3005 552 3063 Arabien.
1527 3007 1783 3062 dennoch
1819 3008 2090 3063 zuweilen
2117 3007 2514 3063 Konfiskation
2549 3008 2655 3064 des

363 3083 449 3133 21.
488 3092 725 3133 murrae.
763 3076 892 3147 Vgl.
922 3077 1127 3132 Herod.
1168 3084 1220 3145 2,
1251 3083 1317 3133 73
1355 3073 1420 3143 ἐξ
1455 3123 1458 3126 ,
1525 3074 1872 3149 Vermogens
1910 3079 2145 3149 eintrat,
2182 3077 2333 3134 sieht
2368 3095 2505 3134 man
2550 3097 2656 3136 aus

286 3143 542 3220 Ἀραβιής
579 3144 940 3217 ὀρμεῶμενον
970 3143 1029 3210 ἐς
1058 3144 1121 3202 τὸ
1160 3144 1285 3219 ἱρὸν
1315 3149 1416 3204 vo&
1525 3154 1579 3218 4,
1616 3154 1702 3205 20.

282 3215 480 3273 Ἠλίου
500 3220 750 3288 κθμίζδιν
777 3215 877 3272 τὸν
905 3216 1125 3284 7:oestoe
1158 3215 1222 3274 ἕν
1252 3217 1358 3289 0μῦ
1395 3250 1418 3260 ·
1601 3235 1687 3283 10.
1758 3230 2058 3299 uryebamr
2094 3229 2201 3284 mit
2236 3230 2367 3286 dom
2405 3228 2652 3287 Genetiv

289 3310 362 3361 νῃ
420 3283 836 3358 ἐμπλάσσοντα,
899 3289 997 3344 καὶ
1049 3286 1298 3345 θάπτειν
1355 3240 1418 3346 ἓν
1525 3300 1603 3356 ist
1639 3295 1737 3356 ἅπ,
1776 3298 1879 3368 εἰρ,
1915 3300 1995 3355 im
2033 3301 2250 3357 Lamin,

291 3361 392 3416 τοῦ
414 3356 609 3415 “Ηλίου
638 3361 714 3415 τῶ
743 3356 859 3433 ἱρῷ.
909 3360 985 3415 Es
1012 3358 1089 3416 ist
1115 3361 1204 3417 ein
1231 3362 1408 3417 wohl·
1593 3393 1655 3443 11
1741 3389 1831 3443 cul
1870 3405 1961 3444 am
1994 3390 2213 3445 invidia
2252 3390 2520 3448 „egam-333
2596 3408 2628 3447 Θ

290 3431 620 3487 riesshendess
658 3414 987 3487 fiaumhuz·
1018 3460 1086 3474 ···
1122 3437 1409 3502 temptato-
1516 3432 1675 3515 habe'
1709 3405 1868 3515 semi?
1900 3457 2112 3514 samm
2161 3461 2512 3532 bemantelt,
2558 3411 2658 3516 ’ini'

290 3503 576 3629 mord-ok:
599 3503 891 3629 Σξιωὲθὲθ
919 3504 1037 3592 ⁰³⁸,ss
1062 3502 1408 3592 ,Pmbqflfige'
1520 3531 1649 3586 dem
1687 3548 1747 3586 er
1782 3530 1893 3586 den
1928 3530 2066 3586 Hal‘s
2119 3534 2219 3587 des
2262 3532 2493 3588 Kaisers
2526 3549 2657 3588 vor-

557 3616 570 3628 .
699 3593 805 3641 ρασ
856 3595 918 3629 αι
944 3594 1086 3631 αντα
1108 3594 1409 3645 φορεοντα.
1519 3601 1872 3672 gembl-stage

291 3647 1078 3788 ωὲἓέίἒέῗίΐὲἒνὲἓὲῒὲἓὲ
1097 3647 1411 3773 ἓὲἓιῖἓὲεἳῖ
1521 3680 2361 3809 ..s-„garsarffasssf
2375 3684 2657 3811 3ςὲιὲξὲ

297 3793 451 3915 1’2642
474 3787 667 3914 aqggl?
685 3788 1417 3931 vlzssgeffsstuassrb‘zgvessagss
1520 3823 1627 3894 tig,
1641 3839 1759 3877 war
1782 3824 1874 3879 ein
1891 3824 2387 3896 ausgezeichneter
2400 3825 2645 3882 Redner.

294 3930 424 3987 dem
451 3930 647 3986 Aecus.
689 3946 735 3984 c.
772 3930 927 3985 infin.
966 3930 1119 3987 steht
1155 3932 1301 3986 auch
1331 3936 1416 3999 11,
1598 3916 1682 3968 14.
1755 3913 1851 3968 sed
1887 3914 2153 3981 labefecit.
2238 3914 2351 3969 Das
2389 3912 2539 3969 Verb
2580 3915 2659 3970 ist

293 4008 345 4059 4,
397 4008 489 4071 12,
541 4007 627 4058 65,
673 4002 730 4056 h,
767 4008 828 4069 4,
865 4006 937 4058 49
988 4002 1103 4057 und
1155 4001 1417 4057 Ammian
1522 3985 1670 4039 nach
1736 3983 2171 4041 dichterischem
2226 3983 2530 4041 Gebrauch
2594 3986 2659 4040 in

296 4079 383 4140 17,
422 4078 472 4142 5,
515 4079 599 4130 14,
1526 4054 1636 4109 deu
1672 4055 1909 4140 zweiten
1946 4055 2075 4110 Satz
2123 4055 2507 4127 verschoben,
2545 4056 2655 4111 wie

368 4145 465 4202 ee.
519 4152 566 4201 1.
624 4145 810 4200 Labeo
830 4161 947 4199 war
975 4144 1082 4202 seit
1100 4144 1228 4199 dem
1245 4142 1417 4199 Jahre
1527 4132 1579 4195 3.
1619 4131 1686 4181 ⁵6
1725 4126 1934 4196 delean·

297 4219 367 4268 25
398 4215 737 4273 Statthalter
765 4232 876 4272 von
896 4214 1115 4271 Mosien
1142 4230 1417 4285 gewesen.
1602 4219 1685 4269 15.
1760 4220 1933 4286 artes,
1989 4217 2137 4271 denn
2192 4231 2250 4270 es
2300 4215 2465 4283 giebt
2507 4216 2657 4271 auch

305 4282 433 4351 Vgl.
471 4292 521 4352 4,
558 4291 645 4341 47.
1528 4287 1705 4341 malae
1741 4291 1901 4342 artes.
