2867 4625
211 1585 295 1652 57

321 90 453 157 238

978 90 1327 148 CORNELII
1359 89 1605 147 TACITI
1639 90 2035 147 ANNALIUM

323 254 741 335 condidisset,
783 254 1240 320 transcendere
1286 254 1371 319 ad
1416 276 1496 319 ea
1531 254 1677 339 quis
1714 254 1997 319 maxime
2041 253 2330 319 fidebant
2373 254 2444 319 in
2489 276 2688 339 popu·

321 343 459 408 lum
505 342 878 409 Romanum
923 343 1188 429 officiis,
1242 344 1448 408 missa
1493 343 1711 409 navali
1765 344 1954 427 copia
1997 364 2137 408 non
2178 342 2372 408 modo
2418 348 2687 409 externa

233 447 268 498 5
325 432 410 497 ad
456 433 658 515 bella,
714 433 828 498 sed
874 454 1038 518 quae
1083 433 1155 497 in
1199 431 1398 497 Italia
1449 432 1934 516 tolerabantur3
1990 453 2188 516 seque
2232 432 2482 517 primos
2527 436 2688 498 tem-

318 522 503 605 plum
557 522 741 586 urbis
797 522 1046 587 Romae
1101 522 1442 604 statuisse,
1497 520 1585 586 M.
1630 520 1866 586 Porcio
1912 520 2206 605 consule,
2249 522 2509 605 magnis
2556 523 2688 607 qui·

322 608 469 675 dem
532 609 665 675 iam
724 611 953 695 populi
997 610 1281 677 Romani
1335 611 1560 695 rebus,
1613 611 1905 676 nondum
1961 614 2187 675 tamen
2231 610 2314 675 ad
2359 632 2687 676 summum

321 699 543 783 elatis,
593 702 809 764 stante
847 699 1059 765 adhuc
1094 699 1346 766 Punica
1389 699 1552 765 urbe
1598 702 1666 763 et
1699 699 1937 764 validis
1982 720 2101 783 per
2135 697 2370 765 Asiam
2403 700 2688 786 regibus.

323 789 518 853 simul
564 787 635 853 L.
682 786 933 854 Sullam
997 792 1236 853 testem
1293 787 1702 873 adferebant,
1766 787 2154 874 gravissimo
2198 788 2269 853 in
2316 788 2688 855 discrimine

236 891 303 941 10
324 876 646 943 exercitus
712 878 796 942 ob
862 878 1287 961 asperitatem
1353 877 1590 943 hiemis
1636 881 1704 943 et
1746 877 2089 961 penuriam
2134 878 2363 963 vestis,
2428 899 2574 943 cum
2617 879 2689 944 id

320 965 672 1051 Zmyrnam
715 966 787 1030 in
832 966 1206 1032 contionem
1250 968 1625 1032 nuntiatum
1668 966 1860 1051 foret,
1906 987 2131 1032 omnes
2178 968 2290 1051 qui
2336 967 2689 1033 adstabant

320 1054 675 1120 detraxisse
729 1055 989 1140 corpori
1041 1056 1337 1141 tegmina
1380 1056 1755 1141 nostrisque
1800 1055 2175 1142 legionibus
2220 1056 2501 1122 misisse:
2586 1056 2684 1122 ita

317 1144 533 1229 rogati
606 1145 995 1210 sententiam
1058 1148 1282 1229 patres
1346 1143 1744 1230 Zmyrnaeos
1807 1145 2193 1229 praetulere.

2304 1145 2684 1231 censuitque

317 1231 554 1299 Vibius
619 1232 878 1299 Marsus
943 1238 1020 1299 ut
1081 1233 1187 1299 M!
1244 1233 1523 1319 Lepido,
1587 1234 1691 1299 cui
1756 1255 1833 1298 ea
1904 1234 2246 1318 provincia
2310 1235 2691 1321 obvenerat,

228 1333 296 1386 15
318 1342 511 1406 super
546 1344 888 1388 numerum
925 1324 1273 1408 legaretur,
1312 1323 1424 1408 qui
1460 1323 1693 1408 templi
1729 1344 1952 1389 curam
1991 1323 2369 1408 susciperet.
2426 1327 2494 1389 et
2532 1324 2691 1408 quia

315 1409 598 1496 Lepidus
645 1412 785 1497 ipse
832 1411 1117 1498 deligere
1162 1433 1280 1498 per
1323 1411 1713 1479 modestiam
1761 1413 2113 1497 abnuebat,
2147 1412 2454 1479 Valerius
2498 1411 2686 1479 Naso

319 1521 354 1564 e
398 1502 749 1585 praetoriis
796 1504 970 1566 sorte
1017 1501 1258 1567 missus
1306 1504 1425 1566 est.

494 1588 675 1654 Inter
719 1611 885 1675 quae
930 1590 1042 1655 diu
1099 1590 1411 1655 meditato
1467 1589 1855 1674 prolatoque
1910 1589 2168 1673 saepius
2215 1589 2488 1655 cohsilio
2537 1593 2687 1655 tan·

318 1677 465 1742 dem
530 1676 773 1743 Caesar
833 1680 904 1743 in
969 1677 1426 1763 Campaniam,
1502 1678 1714 1763 specie
1777 1678 2120 1744 dedicandi
2190 1680 2440 1763 templa
2513 1679 2691 1762 apud

317 1763 610 1849 Capuam
655 1765 826 1851 Iovi,
881 1768 1057 1851 apud
1101 1766 1342 1834 Nolam
1397 1766 1733 1853 Augusto,
1798 1767 1911 1832 sed
1969 1771 2181 1833 certus
2235 1768 2464 1850 procul
2523 1770 2688 1834 urbe

318 1854 567 1939 degere.
664 1877 928 1921 causam
985 1857 1322 1922 abscessus
1381 1877 1779 1942 quamquam
1835 1862 2097 1922 secutus
2160 1856 2480 1942 plurimos
2537 1879 2688 1923 auc-

245 1956 278 2009 5
317 1946 535 2008 torum
583 1945 667 2009 ad
712 1943 932 2010 Seiani
978 1948 1154 2010 artes
1198 1947 1454 2030 rettuli,
1499 1945 1652 2030 quia
1704 1948 1930 2011 tamen
1984 1946 2179 2010 caede
2235 1946 2376 2011 eius
2421 1950 2691 2030 patrata

316 2054 429 2097 sex
473 2036 705 2117 postea
749 2055 955 2099 annos
992 2034 1139 2119 pari
1177 2038 1424 2100 secreto
1463 2033 1820 2118 coniunxit,
1864 2034 2246 2120 plerumque
2282 2056 2691 2123 permoveor,

384 2213 434 2263 3.
490 2208 875 2265 transcendere
903 2208 1297 2279 „ubergehen“
1324 2225 1440 2264 von

314 2278 497 2335 einem
534 2279 662 2336 Teil
706 2279 807 2336 der
841 2277 998 2336 Rede
1034 2297 1160 2336 zum
1196 2279 1437 2349 andern;

311 2349 373 2405 in
409 2351 592 2407 dieser
627 2350 961 2422 Bedeutung
998 2353 1117 2406 erst
1160 2352 1270 2407 seit
1305 2352 1436 2408 Vel-

311 2421 458 2494 leJus
495 2429 548 2491 2,
588 2428 710 2494 130,
748 2430 781 2478 3
818 2428 884 2478 ut
918 2424 995 2479 ad
1029 2424 1248 2480 maiora
1282 2428 1440 2480 tran-

310 2496 584 2551 scendam.
620 2524 690 2535 —
727 2496 805 2551 ad
839 2511 905 2551 ea
951 2496 1078 2566 quis
1114 2525 1183 2535 —
1219 2495 1440 2564 officiis.

312 2564 386 2621 So
439 2583 546 2621 nur
589 2565 716 2622 hier
759 2566 852 2622 bei
897 2564 1145 2622 Tacitus.
1236 2567 1312 2622 Es
1361 2566 1442 2622 ist

311 2637 560 2693 dieselbe
586 2636 754 2693 Form
793 2636 893 2694 der
918 2635 1251 2695 Attraktion
1288 2636 1440 2694 beim

310 2708 537 2765 Relativ
571 2707 679 2765 wie
716 2708 843 2766 Ter.
878 2709 1052 2766 Andr.
1089 2708 1230 2780 prol.
1271 2715 1303 2763 5
1333 2724 1440 2779 po-

301 2782 443 2851 pulo
488 2786 553 2837 ut
571 2781 876 2905 Cplaeerent
919 2796 1059 2852 quas
1102 2781 1317 2847 fecisset
1349 2780 1440 2847 fa-

310 2851 485 2907 bulas.
614 2852 683 2911 ic.
733 2852 810 2907 ad
857 2851 1047 2918 Quint.
1094 2852 1253 2907 fratr.
1303 2857 1337 2907 2
1348 2892 1367 2919 ,
1404 2858 1437 2906 3

307 2921 377 2979 de
410 2924 487 2978 iis
522 2939 665 2992 quae
701 2923 768 2980 in
803 2923 1043 2980 Sestium
1081 2924 1441 2994 apparaban-

308 2998 405 3051 tur
441 2996 698 3050 crimina.

383 3070 435 3122 5.
471 3067 538 3122 in
564 3065 765 3133 Italia,
792 3064 1042 3119 nfimlich
1076 3064 1158 3117 im
1184 3063 1435 3120 Bundes-

306 3136 799 3209 genossenkriege.

382 3213 458 3333 6.J
500 3209 588 3263 M.
627 3207 863 3263 Porcius
903 3205 1037 3263 Cato
1072 3222 1193 3262 war
1216 3206 1436 3262 Konsul

307 3276 388 3333 im
462 3320 474 3334 .
515 3283 637 3335 196.

383 3356 466 3405 10.
539 3350 749 3405 hiemis.
829 3347 904 3402 Es
946 3347 1024 3404 ist
1067 3347 1168 3404 der
1211 3348 1437 3404 Winter

306 3438 420 3478 von
449 3426 517 3477 86
547 3421 649 3478 auf
670 3425 769 3487 843
809 3419 968 3476 Sulla
994 3437 1114 3475 war
1146 3420 1297 3475 nach
1332 3420 1434 3476 der

310 3493 578 3549 Schlacht
602 3492 699 3548 bei
726 3492 1110 3548 Orchomenos
1136 3508 1249 3548 von
1277 3491 1436 3547 Gric-

310 3562 590 3620 chenland
635 3564 782 3620 nach
835 3562 1006 3619 Asien
1063 3564 1436 3634 fibergesetzt‚

308 3651 397 3691 wo
436 3652 495 3691 er
530 3640 603 3692 84
639 3634 752 3691 den
786 3633 1087 3693 Mithridat
1121 3652 1248 3689 zum
1283 3632 1436 3689 Frie-

310 3707 420 3761 den
455 3725 668 3778 zwang.

384 3782 468 3834 14.
523 3766 677 3833 Uber
711 3777 909 3833 Vibius
934 3775 1050 3849 vgl.
1079 3781 1131 3841 2,
1163 3780 1257 3843 ⁷43
1294 3774 1434 3830 fiber

311 3849 420 3905 Μ’.
460 3850 711 3920 Lepidus
748 3854 797 3917 8,
839 3854 923 3905 11.

386 3926 467 3977 15.
639 3937 698 3977 er
730 3936 1018 3977 numerum
1052 3923 1145 3975 ott.
1211 3918 1293 3972 Zu
1327 3916 1434 3972 Le-

308 3995 483 4062 gaten
507 4011 559 4049 w
637 3992 760 4048 lton
787 3990 912 4047 sich
939 3991 1030 4046 die
1056 3989 1434 4060 Propratoren

310 4064 372 4118 in
417 4065 517 4121 der
550 4063 731 4133 Regel
776 4062 941 4119 einen
987 4061 1273 4117 Pratorier
1320 4062 1437 4131 (ge-

307 4151 568 4192 wesenen
622 4135 871 4205 Prator),
940 4133 1030 4189 die
1085 4130 1439 4187 Prokonsuln

309 4206 431 4263 drei
500 4206 815 4264 Konsulare
896 4205 1034 4260 oder
1106 4202 1437 4259 ausnahms-

307 4277 478 4332 weiss
514 4278 810 4335 Pratorier.

1617 2208 1718 2335 ΒΞ.
1751 2213 1845 2335 51.
1918 2208 2216 2267 meditatus
2251 2207 2338 2265 als
2365 2208 2599 2281 Passiv3
2639 2229 2685 2267 s.

1549 2298 1621 2335 zu
1787 2320 1801 2335 .

1620 2357 1670 2409 2.
1696 2321 1711 2349 ²
1735 2353 1800 2407 in
1840 2350 2227 2422 Campaniam,
2265 2350 2519 2407 namlich
2549 2368 2687 2422 pro·

1546 2422 1723 2491 fectus
1749 2427 1828 2479 est
1855 2424 1992 2478 oder
2015 2425 2245 2479 secessit.
2305 2422 2379 2478 So
2403 2423 2556 2478 fehlt
2584 2424 2687 2479 das

1546 2492 1703 2550 Verb
1748 2494 1848 2550 der
1883 2494 2211 2565 Bewegung
2255 2511 2363 2548 nur
2404 2495 2559 2550 noch
2600 2500 2687 2563 14,

1551 2571 1584 2620 8
1728 2566 1768 2621 d
1812 2582 1968 2621 nemo
2004 2584 2043 2622 a
2084 2567 2205 2634 filio
2250 2565 2391 2634 (scil.
2430 2567 2687 2637 veniret),

1549 2637 1639 2692 vie
1709 2637 1968 2707 haufiger
2017 2637 2111 2692 bei
2150 2636 2373 2703 Cicero,
2422 2641 2689 2693 nament·

1547 2707 1667 2763 lich
1701 2707 1763 2762 in
1801 2707 1912 2763 den
1951 2707 2204 2778 Briefen,
2243 2725 2289 2761 z.
2329 2706 2392 2764 B.
2432 2707 2509 2762 ad
2546 2708 2682 2765 fam.

1552 2786 1647 2847 16,
1705 2785 1771 2833 17
1827 2785 1971 2848 puto
2020 2784 2157 2835 utra
2245 2795 2314 2835 ue
2369 2780 2448 2835 ad
2501 2794 2690 2850 aquas

1548 2849 1691 2922 (scil.
1740 2851 2094 2921 profectum).
2177 2866 2209 2904 a
2253 2892 2268 2906 .
2313 2851 2434 2906 Att.
2475 2856 2573 2919 11,
2612 2857 2684 2906 22

1548 2923 1667 3049 {1:¹51
1679 2927 1977 3048 sgstngqant
2019 2938 2254 2994 usquam
2288 2922 2685 2994 (profecturos)

1614 3070 1664 3121 3.
1738 3051 1891 3120 Uber
1935 3064 2092 3134 apud
2137 3064 2281 3119 statt
2322 3064 2390 3119 in
2438 3081 2482 3120 s.
2523 3062 2682 3122 Einl.

1543 3142 1592 3203 §-
1632 3142 1719 3192 50.
1750 3166 1819 3177 —
1848 3140 2027 3193 certus
2055 3153 2104 3191 c.
2139 3134 2294 3191 infin.
2329 3135 2481 3190 nach
2518 3135 2687 3208 Virg.

1541 3208 1681 3263 Aen.
1719 3213 1772 3274 4,
1810 3212 1916 3262 563
1956 3213 2106 3263 certa
2140 3207 2298 3264 mori.

1615 3284 1666 3335 6.
1753 3277 1861 3333 Die
1910 3277 2126 3334 Motive
2176 3278 2274 3333 des
2330 3276 2582 3333 Seianus
2638 3297 2683 3334 s.

1543 3366 1630 3421 cp.
1679 3355 1765 3404 41.
1815 3380 1883 3391 —
1930 3365 2026 3406 sex
2064 3364 2241 3405 annos
2274 3379 2347 3390 —
2381 3350 2689 3405 coniunoet‘t

1564 3438 1650 3491 ,er
1693 3421 1929 3477 brachte
1972 3421 2136 3476 sechs
2180 3419 2352 3475 Jahre
2403 3423 2686 3477 ununter-

1543 3465 1797 3548 brochen
1831 3495 1955 3550 zu“.
2020 3493 2125 3547 Die
2153 3489 2544 3563 Hinrichtung
2580 3492 2688 3548 des

1546 3564 1718 3634 Sejan
1756 3563 1968 3635 erfolgt
2003 3562 2084 3618 im
2118 3562 2171 3621 J.
2209 3568 2295 3617 31.

1616 3643 1666 3691 6.
1684 3635 2004 3706 plerumque
2011 3649 2328 3705 permoveor
2344 3632 2473 3704 „oft
2486 3633 2690 3689 werde

1542 3705 1637 3762 ich
1682 3707 1947 3762 unsicher
1982 3706 2275 3778 gemacht,
2313 3704 2684 3760 schwanke“.

1542 3778 1657 3833 Der
1683 3776 1982 3833 Ausdruck
2015 3778 2097 3833 ist
2132 3793 2194 3833 so
2232 3775 2689 3847 unerhort‚„dars

1541 3848 1730 3904 Ritter
1775 3850 2049 3920 ambiyere
2094 3846 2429 3904 einschiebt.
2520 3845 2686 3900 Ahn-

1541 3920 1659 3975 lich
1695 3920 1773 3976 ist
1807 3921 1944 3976 aber
1980 3921 2190 3977 adduci
2222 3936 2329 3988 „zu
2366 3918 2526 3973 einer
2560 3920 2686 3972 An-

1546 3991 1698 4047 sicht
1730 3993 2007 4062 bewogen
2042 3991 2330 4057 werden“,
2367 4007 2415 4044 z.
2453 3987 2520 4044 B.
2561 3988 2687 4045 Cic.

1544 4079 1649 4132 pro
1679 4062 1898 4120 Cluent.
1928 4069 1998 4120 3⁷
2027 4063 2261 4119 adducti
2285 4062 2498 4117 iudices
2522 4065 2688 4129 sunt,

1544 4150 1660 4189 non
1712 4135 1871 4190 modo
1918 4136 2168 4205 potuisse
2218 4134 2436 4188 homene
2489 4133 2565 4189 ab
2619 4147 2689 4188 co

1544 4221 1699 4261 reum
1734 4206 2092 4263 condemnari
2136 4210 2246 4272 ott„
2291 4203 2555 4275 haufiger
2590 4203 2686 4273 je-

1546 4277 1693 4332 doch
1729 4278 1979 4335 adducor
2013 4283 2079 4334 ut
2114 4278 2345 4335 credam.
