2867 4625
369 100 499 167 178

261 267 349 333 13

1025 99 1370 157 CORNELII
1408 98 1657 155 TACITI
1693 97 2087 155 ANNALIUM

547 264 775 350 quue
811 264 1125 330 intentius
1162 261 1527 348 Vologeses
1562 284 1855 347 premere
1892 264 2212 344 obsessos,
2252 261 2439 327 modo
2474 261 2677 325 vallum

370 355 725 441 legionum,
769 353 964 419 modo
1002 352 1357 436 castellum,
1405 373 1534 436 quo
1571 352 1832 418 inbellis
1870 355 2052 417 aetas
2089 350 2557 433 defendebatur,
2596 349 2678 413 ad-

369 464 682 529 pugnare,
725 444 995 528 propius
1039 442 1345 508 incedens
1388 463 1585 525 quam
1631 462 1774 506 mos
1809 440 2091 524 Parthis,
2137 440 2196 504 si
2240 460 2317 503 ea
2359 438 2689 503 temeritate

371 533 626 598 hostem
682 533 753 597 in
803 533 1119 617 proelium
1166 532 1443 596 eliceret.
1534 535 1605 595 at
1647 530 1750 595 illi
1793 530 1904 595 vix
1949 528 2391 595 contuberniis
2436 528 2691 608 extracti,

295 638 329 687 5
365 643 485 687 nee
532 621 709 688 aliud
756 643 950 706 quam
995 621 1398 686 munimenta
1441 620 1968 704 propugnabant,
2012 640 2164 704 pars
2201 618 2379 682 iussu
2418 616 2597 701 ducis,
2614 620 2682 716 ‘et
2749 645 2755 656 ·

367 711 483 776 alii
526 710 794 795 propria
839 710 1104 797 ignavia
1150 712 1264 775 aut
1306 706 1743 774 Corbulonem
1791 708 2220 792 opperientes,
2264 728 2341 771 ac
2386 706 2482 771 vis
2523 707 2575 770 si
2610 726 2682 767 m-

368 803 657 887 grueret,
728 799 1011 883 provisis
1084 797 1400 882 exemplis
1473 798 1670 863 eladis
1734 794 2067 862 Caudinae
2131 795 2686 878 Numantinaeque,

367 910 574 975 neque
622 888 890 954 eandem
935 888 1068 953 vim
1115 886 1518 952 Samnitibus
1562 887 1795 952 Italico
1840 886 2083 970 populo
2133 906 2209 950 ac
2252 883 2541 967 Parthis,
2585 881 2683 946 Ro-

367 979 547 1043 mani
601 977 858 1061 imperii
913 977 1202 1042 aemulis.
1294 975 1582 1040 validam
1637 996 1891 1060 quoque
1946 979 2013 1039 et
2064 974 2397 1038 laudatam
2452 970 2684 1057 antiqui-

263 1084 330 1135 10
367 1070 599 1150 tatem,
646 1066 946 1151 quotiens
989 1067 1254 1132 fortuna
1300 1069 1530 1129 contra
1577 1063 1785 1149 daret,
1841 1063 2038 1129 saluti
2082 1063 2505 1129 consuluisse.
2585 1081 2687 1144 qua

368 1156 819 1240 desperatione
875 1155 1192 1220 exercitus
1249 1153 1378 1218 dux
1433 1154 1744 1219 subactus
1790 1152 2034 1237 primas
2079 1155 2301 1216 tamen
2349 1152 2585 1215 litteras
2622 1146 2685 1212 ad

365 1244 743 1331 Vologesen
785 1265 922 1309 non
967 1244 1322 1328 supplices,
1378 1242 1491 1307 sed
1535 1243 1606 1307 in
1651 1241 1915 1307 modum
1964 1241 2298 1325 querentis
2347 1238 2681 1323 composuit,

367 1334 539 1418 quod
576 1355 694 1418 pro
730 1332 1056 1398 Armeniis
1096 1353 1348 1417 semper
1382 1331 1717 1396 Romanae
1754 1330 2029 1396 dicionis
2068 1333 2181 1394 aut
2218 1328 2525 1394 subiectis
2557 1326 2680 1412 regi,

367 1444 558 1507 quem
611 1424 968 1507 imperator
1022 1421 1394 1508 delegisset,
1450 1420 1714 1486 hostilia
1766 1419 2025 1485 faceret.
2116 1440 2349 1503 pacem
2396 1440 2473 1482 ex
2517 1437 2683 1500 aequo

261 1528 329 1577 15
366 1512 620 1597 utilem3
665 1532 749 1575 ne
795 1511 1164 1595 praesentia
1208 1514 1466 1575 tantum
1515 1512 1854 1594 spectaret.
1943 1508 2158 1593 ipsum
2205 1507 2514 1572 adversus
2556 1505 2679 1569 duas

366 1600 662 1684 legiones
700 1600 859 1666 totis
897 1599 1082 1684 regni
1121 1598 1370 1664 viribus
1408 1598 1771 1685 advenisse3
1809 1601 1880 1663 at
1903 1596 2219 1662 Romanis
2258 1597 2486 1661 orbem
2519 1598 2682 1659 terra-

367 1711 511 1753 rum
556 1688 872 1773 reliquum
886 1739 903 1770 ,
948 1709 1074 1772 quo
1118 1688 1365 1753 bellum
1408 1688 1724 1753 iuvarent.

267 1779 350 1843 14

544 1777 647 1841 Ad
712 1798 789 1841 ea
840 1775 1203 1862 Vologeses
1256 1776 1426 1841 nihil
1481 1798 1600 1862 pro
1657 1798 1878 1859 causa,
1944 1775 2057 1840 sed
2114 1773 2540 1860 opperiendos
2589 1769 2685 1836 sibi

366 1866 603 1932 fratres
647 1864 964 1930 Pacorum
1025 1887 1100 1931 ac
1144 1865 1478 1932 Tiridaten
1527 1865 1886 1950 rescripsit3
1942 1864 2129 1928 illum
2176 1865 2397 1929 locum
2441 1867 2682 1943 tempus-

369 1977 491 2039 que
537 1954 807 2021 consilio
856 1955 1279 2040 destinatum,
1323 1954 1477 2039 quid
1525 1954 1603 2019 de
1650 1952 1960 2019 Armenia
2005 1956 2376 2036 cernerent,
2421 1949 2683 2016 adiecisse

369 2045 523 2110 deos
588 2044 855 2129 dignum
908 2043 1393 2127 Arsacidarum,
1460 2042 1652 2107 simul
1714 2048 1791 2108 ut
1853 2042 1931 2107 de
1985 2041 2363 2126 legionibus
2418 2036 2688 2105 Romanis

294 2150 329 2199 5
366 2136 743 2199 statuerent.
842 2133 1025 2198 missi
1089 2133 1362 2218 posthac
1413 2131 1618 2197 Paeto
1683 2131 1897 2196 nuntii
1953 2134 2021 2195 et
2073 2131 2245 2215 regis
2312 2126 2685 2212 conloquium

449 2362 544 2419 13.
586 2370 635 2418 2.
709 2364 1037 2432 adpuynare
1070 2362 1147 2417 ist
1181 2379 1291 2418 vox
1328 2361 1491 2418 Taci-

371 2436 495 2504 tca,
535 2434 680 2489 auch
717 2440 767 2503 2,
806 2438 890 2489 81.
930 2439 981 2501 4,
1020 2439 1107 2488 48.

443 2512 492 2562 3.
530 2507 583 2560 si
611 2506 719 2573 „ob
746 2506 949 2573 etwa“,
976 2503 1086 2559 wie
1117 2510 1200 2573 183
1231 2510 1301 2560 40
1328 2505 1381 2559 si
1409 2505 1488 2560 la-

368 2593 509 2632 xare
543 2578 760 2632 ordines
798 2607 865 2617 -
899 2581 1092 2644 posset.
1143 2582 1227 2645 12,
1264 2580 1333 2629 28
1372 2576 1490 2631 und.

374 2649 536 2714 efter,
567 2648 713 2703 auch
742 2647 835 2703 bei
854 2645 1209 2715 Klassikern3
1236 2647 1492 2718 haufiger

369 2718 465 2774 bei
499 2717 708 2774 Livius.

444 2795 496 2844 4.
544 2791 797 2857 extracti,
835 2789 955 2845 scil.
991 2794 1139 2845 eunt.
1212 2788 1326 2844 Das
1363 2789 1494 2844 Per·

370 2861 500 2918 fekt
530 2861 866 2917 bezeichnet
902 2860 1002 2915 das
1039 2859 1325 2928 Resultat3
1363 2877 1497 2914 man

372 2933 612 2988 braucht
649 2932 770 2988 also
806 2932 967 2987 nicht
993 2932 1157 2986 daffir
1186 2933 1402 2987 extrahi
1428 2949 1496 2985 zu

373 3003 681 3059 schreiben.

446 3080 495 3130 5.
523 3091 622 3130 nee
649 3075 808 3129 aliud
837 3089 1002 3143 quam
1027 3073 1177 3140 „und
1197 3072 1277 3127 sie
1295 3073 1496 3127 thaten

371 3146 570 3200 weiter
613 3146 799 3199 nichts
837 3145 923 3198 als
961 3143 1084 3198 dass
1122 3143 1255 3198 sie“.
1332 3142 1386 3197 S.
1427 3162 1498 3197 zu

350 3223 461 3283 ·13,
497 3222 570 3271 40
607 3231 706 3271 nec
741 3215 983 3283 amplius
1020 3231 1183 3283 quam
1212 3244 1278 3254 -
1308 3215 1497 3282 firma-

369 3293 538 3343 verat.
592 3286 722 3341 hist.
762 3293 813 3355 2,
852 3292 918 3341 91
967 3302 1083 3338 non
1126 3285 1279 3340 ultra
1315 3301 1496 3354 quam.

373 3390 439 3399 -
486 3357 602 3415 Der
645 3356 946 3412 Accusativ
1003 3356 1099 3410 bei
1137 3372 1499 3426 propuynare

371 3447 479 3485 nur
529 3428 653 3483 hier
696 3429 812 3483 und
857 3433 942 3496 13,
980 3433 1046 3482 31
1087 3445 1227 3496 quae
1265 3428 1500 3482 libidine

373 3502 735 3571 deliquerant,
769 3500 978 3556 ambitu
997 3505 1396 3569 propuynant,·
1433 3515 1496 3554 so

374 3576 492 3627 erst
537 3572 617 3626 im
664 3572 943 3626 silbernen
988 3570 1203 3625 Latein.
1254 3601 1320 3610 -
1360 3586 1501 3639 pars

376 3676 444 3685 —
484 3649 533 3699 et
572 3644 675 3697 alii
710 3642 787 3696 ist
813 3643 969 3697 sonst
999 3641 1498 3710 ungebrauchlich.

373 3714 554 3771 Dafiir
592 3714 746 3769 steht
785 3712 1129 3782 regelrecht,
1176 3712 1284 3768 wie
1324 3711 1501 3767 schon

339 3810 343 3821 ¹
374 3787 469 3841 bei
499 3785 730 3855 Sallust,
749 3801 892 3854 pars
921 3815 987 3824 -
1019 3784 1124 3838 alii
1153 3790 1201 3851 1,
1222 3789 1306 3838 23.
1340 3789 1389 3851 3,
1411 3789 1498 3840 38.

448 3864 496 3914 7.
537 3858 728 3923 cladiS,
764 3855 1006 3911 welches
1040 3854 1101 3908 in
1129 3854 1229 3909 der
1257 3853 1499 3909 Hdschr.

375 3929 538 3995 fehlt,
573 3928 653 3982 ist
680 3926 1105 3995 hinzuzuffigen,
1136 3926 1211 3979 da
1238 3943 1371 3980 man
1399 3944 1500 3978 un—

377 3997 629 4070 moglich
664 4000 749 4053 vis
787 4002 1065 4066 erganzen
1099 3996 1269 4050 kann.
1335 3996 1499 4058 Auch

380 4068 474 4124 die
510 4069 820 4139 Anderung
860 4067 1042 4123 Caudi
1077 4072 1127 4120 et
1153 4066 1501 4133 Numantiae

374 4139 454 4194 ist
515 4157 712 4209 wegen
767 4142 869 4195 der
923 4136 1244 4193 deutlichen
1301 4134 1500 4193 Lesart

380 4210 481 4263 des
515 4210 799 4265 Mediceus
836 4210 996 4264 nicht
1033 4208 1396 4263 annehmbar.

455 4285 504 4334 8.
545 4281 751 4336 Italico
784 4282 988 4350 populo
1025 4296 1166 4349 „nur
1199 4279 1352 4334 einer
1384 4278 1496 4335 ein-

1601 2361 1796 2417 zelnen
1832 2359 2233 2420 ,Volkerschast
2270 2358 2551 2414 Italiens“.
2602 2352 2681 2408 Die

1598 2431 1968 2487 Numantiner
2025 2431 2249 2486 werden
2309 2431 2397 2485 als
2442 2447 2508 2483 zu
2547 2425 2680 2481 unbe-

1599 2503 1846 2559 deutend
1882 2502 2008 2558 hier
2042 2502 2427 2571 ausgelassen.

1673 2580 1756 2629 10.
1823 2580 2020 2629 eontra
2081 2574 2238 2628 daret
2296 2574 2443 2628 statt
2495 2571 2682 2626 adversa

1598 2648 1832 2701 eveniret
1875 2646 1952 2701 ist
1994 2661 2105 2699 neu
2159 2644 2451 2714 gebildete
2495 2641 2682 2701 Phrasa

1597 2735 1704 2771 nur
1739 2717 1863 2772 hier
1898 2716 2013 2771 und
2047 2716 2174 2770 hist.
2215 2722 2264 2784 1,
2296 2719 2367 2770 65
2405 2714 2458 2769 si
2489 2713 2681 2781 fortuna

1605 2793 1800 2843 contra
1835 2789 2008 2843 daret.

1679 2864 1763 2914 14.
1801 2876 1869 2914 ex
1904 2874 2073 2928 aequo
2102 2858 2304 2927 „unter
2329 2855 2580 2927 gleichen
2602 2852 2677 2904 Be-

1604 2930 1983 3000 dingungen“.
2034 2929 2163 2999 Vgl.
2193 2930 2331 2998 Agr.
2364 2933 2435 2981 20
2461 2943 2525 2981 eoe
2549 2935 2688 2992 aequo

1604 3006 1841 3070 eyerant.
1879 3000 2011 3055 hist.
2042 3005 2094 3069 4,
2124 3006 2193 3053 64
2219 3015 2289 3053 ex
2326 3014 2499 3070 aequo
2533 2994 2683 3065 aqetia

1607 3072 1681 3127 So
1730 3072 1904 3126 sehon
1940 3070 2061 3125 Liv.
2103 3076 2152 3139 7,
2192 3076 2261 3124 30
2309 3087 2380 3125 ex
2425 3082 2584 3138 aequo
2618 3078 2682 3117 ve·

1605 3144 1751 3199 nisse
1783 3144 1849 3198 in
1885 3143 2205 3198 amicitiam.

1677 3283 1773 3340 14.
1813 3291 1861 3340 3.
1891 3301 2104 3340 cernere
2130 3284 2272 3338 statt
2298 3284 2592 3346 decernere,
2614 3277 2685 3330 bez

1606 3357 1737 3411 Tac.
1775 3351 1874 3412 ἄπ’.
1914 3355 2036 3424 εἰει,
2071 3355 2149 3409 ist
2184 3352 2545 3410 archa'istisch
2573 3369 2611 3404 z.
2634 3346 2683 3399 B.

1603 3427 1666 3482 in
1703 3427 1883 3483 einem
1919 3427 2152 3482 Gesetze
2187 3426 2282 3481 bei
2312 3424 2425 3480 Cic.
2464 3423 2531 3477 de
2562 3421 2681 3487 legg.

1609 3505 1660 3567 8,
1707 3506 1739 3553 3
1795 3500 2152 3568 quodeunque
2205 3501 2429 3551 senatus
2477 3489 2689 3572 creverit,

1609 3575 1814 3639 ayunto
1825 3591 1842 3623 .·
1870 3570 2022 3625 dann
2041 3568 2186 3623 auch
2206 3568 2415 3622 Lucrez
2431 3564 2541 3619 und
2558 3563 2682 3628 Vug.

1608 3643 1744 3696 Aen.
1789 3647 1871 3710 12,
1911 3647 2015 3694 ’109
2053 3655 2267 3694 eernere
2300 3639 2463 3707 ferro.
2590 3702 2602 3714 ⁴

1678 3717 1730 3766 4.
1750 3714 1980 3782 diynum
1997 3712 2074 3766 ist
2089 3707 2522 3774 substantiviert,
2538 3718 2632 3763 me
2644 3706 2686 3766 θ’

1608 3788 1677 3838 29
1714 3785 1946 3853 diynum
1979 3783 2250 3838 veteribus
2283 3779 2543 3835 Aemiliis,
2592 3773 2686 3827 Der

1608 3854 1873 3921 Genetiv,
1923 3852 2016 3909 bei
2063 3855 2193 3908 Tac.
2242 3846 2337 3906 ἅπ.
2388 3848 2512 3918 sla,
2555 3842 2689 3899 nicht

1605 3926 1753 3981 bloss
1804 3926 1899 3981 bei
1943 3925 2239 3990 Dichtern,
2289 3921 2520 3977 sondern
2562 3912 2683 3969 auch

1604 3996 1816 4052 Balbus
1871 4013 1961 4066 ap.
2010 3994 2122 4051 Cic.
2171 3996 2244 4050 ad
2286 3994 2403 4047 Att.
2449 3997 2497 4057 8,
2542 3991 2600 4041 15
2642 3981 2683 4035 A

1605 4070 1821 4152 suscipe
1873 4085 2063 4123 euram
2117 4072 2167 4121 et
2216 4064 2575 4135 coyitationem
2613 4055 2681 4110 dt·

1605 4141 2414 4267 ὅὲῗὲἷῗίαἵοιῖἔέἰιῑέἶῗῖἒΐ
2434 4126 2685 4272 offitiis?

1605 4298 1727 4337 nem
1764 4282 2063 4352 abhangen
2098 4280 2266 4334 kann.

2766 1997 2772 2114 Ι

2766 3308 2772 3391 1
