2867 4625
919 81 1141 138 LIBER
1176 82 1218 138 Ι.
1291 81 1450 138 ΟΔΡ.
1488 88 1717 138 29-31,
2411 82 2490 148 61

184 270 337 312 mum
380 250 622 330 octava,
660 246 808 312 dein
848 245 1074 331 quinta
1117 245 1388 310 decuma
1434 245 1608 331 legio
1646 245 1919 331 rediere3
1967 268 2260 311 nonanus
2299 267 2499 332 oppe-

183 335 413 400 riendas
458 334 702 401 Tiberii
748 335 1058 420 epistulas
1107 334 1580 419 clamitaverat,
1641 357 1794 401 mox
1840 335 2169 401 desolatus
2217 335 2498 401 aliorum

180 424 544 492 discessione
571 425 996 490 inminentem
1013 423 1472 489 necessitatem
1492 431 1727 509 sponte
1755 425 2113 509 praevenit.
2160 427 2227 490 et
2246 423 2498 489 Drusus

182 535 293 577 non
335 518 701 598 exspectato
747 512 1116 598 legatorum
1159 533 1483 597 regressu,
1529 514 1682 598 quia
1727 515 2096 598 praesentia
2140 514 2302 579 satis
2349 535 2498 579 con-

177 597 452 685 Hderant,
497 603 564 667 in
609 602 838 667 urbem
882 601 1095 667 rediit.
2524 609 2588 658 15

335 691 542 756 Isdem
604 691 809 756 ferme
872 691 1099 756 diebus
1164 689 1372 755 isdem
1437 689 1651 755 causis
1720 688 2145 758 Germanicae
2209 691 2499 778 legiones
2520 683 2601 748 31

179 780 480 865 turbatae,
538 784 786 866 quanto
829 781 1047 865 plures
1057 830 1076 864 ,
1129 783 1315 845 tanto
1362 779 1708 845 violentius
1774 786 1839 844 et
1892 802 2132 867 magna
2188 803 2303 865 spe
2358 781 2498 845 fore

178 873 243 932 ut
282 866 696 935 Germanicus
743 867 984 936 Caesar
1036 869 1381 953 imperium
1429 868 1697 933 alterius
1754 869 1897 953 pati
1942 869 2243 956 nequiret
2288 870 2499 935 daret·

182 978 285 1041 que
336 979 400 1022 se
454 958 825 1045 legionibus
880 959 946 1023 vi
1004 979 1121 1023 sua
1175 961 1411 1023 cuncta
1464 958 1793 1023 tracturis.
1877 957 2021 1023 'duo
2070 958 2246 1043 apud
2290 958 2500 1043 ripam

178 1046 369 1111 Rheni
404 1049 722 1114 exercitus
761 1050 975 1131 erant3
1015 1048 1117 1112 cui
1158 1068 1392 1113 nomen
1433 1048 1772 1131 superiori,
1810 1048 1932 1113 sub
1961 1043 2032 1114 C.
2062 1045 2222 1113 Silio
2260 1048 2502 1133 legato,
2521 1054 2554 1103 5

180 1135 521 1201 inferiorem
582 1138 661 1202 A.
719 1134 998 1203 Caecina
1061 1137 1351 1202 curabat.
1461 1137 1755 1221 regimen
1811 1158 2101 1201 summae
2155 1137 2250 1201 rei
2301 1158 2501 1222 penes

180 1222 641 1308 Germanicum,
706 1225 955 1311 agendo
1023 1223 1382 1290 Galliarum
1446 1226 1667 1290 censui
1728 1232 1870 1291 tum
1931 1226 2271 1291 intentum.
2390 1225 2502 1291 sed

178 1313 385 1396 quibus
422 1312 624 1379 Silius
662 1314 1138 1398 moderabatur,
1184 1317 1400 1379 mente
1439 1314 1745 1399 ambigua
1780 1315 2110 1380 fortunam
2162 1314 2518 1381 seditionis

178 1402 401 1468 alienae
434 1403 970 1488 speculabantur:
1006 1403 1336 1469 inferioris
1374 1404 1692 1469 exercitus
1733 1403 1925 1468 miles
1963 1404 2033 1469 in
2068 1403 2315 1469 rabiem
2351 1425 2500 1488 pro·

180 1491 374 1575 lapsus
437 1497 568 1575 est,
628 1497 771 1557 orto
832 1493 916 1557 ab
974 1493 1589 1558 unetvicensimanis
1650 1493 2107 1579 quintanisque
2156 1493 2375 1576 initio,
2439 1497 2506 1558 et
2527 1509 2593 1557 10

179 1582 384 1645 tractis
445 1582 661 1666 prima
727 1603 980 1667 quoque
1035 1603 1111 1647 ac
1173 1581 1534 1648 vicensima
1596 1582 1985 1667 legionibus.
2090 1604 2244 1648 nam
2298 1581 2506 1647 isdem

178 1670 417 1735 aestivis
471 1672 541 1735 in
603 1670 840 1735 finibus
895 1670 1214 1737 Ubiorum
1270 1670 1681 1736 habebantur
1732 1692 1849 1755 per
1901 1672 2110 1736 otium
2164 1675 2280 1736 aut
2334 1671 2505 1736 levia

183 1759 396 1824 munia.
485 1759 693 1844 igitur
739 1760 961 1826 audito
1006 1760 1137 1825 fine
1181 1760 1467 1847 Augusti
1511 1760 1859 1826 vernacula
1903 1760 2252 1826 multitudo
2298 1781 2507 1845 nuper

176 1850 303 1911 acto
346 1848 413 1912 in
458 1847 620 1913 urbe
667 1847 932 1932 dilectu,
990 1849 1294 1914 lasciviae
1341 1852 1553 1934 sueta,
1611 1850 1912 1915 laborum
1955 1850 2342 1932 intoleranS,
2387 1849 2504 1914 im·

182 1935 336 2017 plere
398 1942 758 2002 ceterorum
823 1938 1014 2003 rudes
1071 1938 1353 2003 animos:
1416 1939 1671 2004 venisse
1725 1942 1983 2022 tempus
2040 1960 2167 2023 quo
2214 1939 2503 2004 veterani
2528 1954 2591 2004 15

180 2029 478 2091 maturam
531 2026 921 2110 missionem,
957 2026 1220 2092 iuvenes
1258 2027 1549 2113 largiora
1594 2027 1935 2112 stipendia,
1980 2027 2196 2094 cuncti
2239 2027 2502 2093 modum

181 2113 563 2180 miseriarum
592 2119 1017 2200 exposcerent
1043 2116 1513 2201 saevitiamque
1542 2117 1990 2183 centurionum
2027 2117 2507 2182 ulciscerentur.

180 2222 291 2266 non
332 2223 493 2269 unus
543 2203 731 2288 haec,
788 2208 863 2269 ut
905 2204 1315 2271 Pannonicas
1361 2206 1532 2271 inter
1577 2206 1869 2291 legiones
1916 2205 2335 2288 Percennius,
2386 2227 2506 2270 nec

180 2291 328 2374 apud
370 2292 659 2378 trepidas
720 2293 1000 2360 militum
1057 2316 1269 2375 aures,
1332 2295 1496 2362 alios
1543 2295 1890 2361 validiores
1939 2293 2256 2361 exercitus
2301 2293 2502 2379 respi-

180 2381 488 2469 cientium,
555 2383 668 2448 sed
731 2384 938 2450 multa
1002 2385 1340 2451 seditionis
1406 2407 1523 2450 ora
1580 2406 1930 2470 vocesque:
1995 2406 2114 2449 sua
2174 2385 2243 2449 in
2307 2405 2505 2448 manu
2528 2409 2595 2458 20

243 2613 317 2662 11.
366 2626 652 2676 nonanus,
707 2610 1112 2666 kollektivisch
1167 2613 1272 2668 wie
1379 2611 1460 2667 im
1507 2610 1809 2682 folgenden
1845 2611 2019 2667 Jahrs
2065 2611 2172 2666 den
2219 2609 2504 2665 Arminius

182 2680 322 2734 maes.
1383 2684 1494 2752 (cp.
1544 2684 1634 2753 68)
1687 2682 1804 2737 und
1849 2683 2036 2738 erhalt
2081 2682 2175 2737 die
2220 2681 2507 2753 Insignien

242 2756 315 2808 12.
337 2754 600 2822 epistulae
621 2754 766 2809 statt
785 2755 1091 2824 epistulam,
1128 2755 1274 2809 nach
1382 2755 1481 2810 des
1519 2754 1871 2824 Triumphes.
1980 2813 1985 2819 ‚
2165 2816 2170 2825 ἱ

183 2821 428 2893 Analogia
466 2841 580 2880 von
616 2826 861 2893 litterae,
908 2827 1024 2880 erst
1058 2827 1137 2880 im
1176 2825 1275 2880 sil·
1456 2841 1506 2890 6,
1543 2835 1795 2901 curabat,
1830 2853 1873 2890 a.
1911 2852 1980 2889 zu
2017 2841 2068 2903 6,
2107 2832 2192 2890 30.

182 2889 364 2972 pernen
397 2896 617 2979 pauiu·
654 2897 897 2952 affidare
932 2898 1078 2951 ”⁰⁰¹¹
1106 2897 1276 2981 ,Πίσῃ
1457 2929 1505 2978 ’1.
1543 2924 1789 2979 intentus
1823 2921 1933 2978 mit
1970 2923 2098 2978 dem
2135 2923 2263 2979 Dat.
2302 2940 2506 2993 gerun-

185 2979 233 3044 ΗΞ
261 2962 594 3050 ¹¹¹⁸⁸⁸3⁸0h01
618 2966 664 3021 P
666 2983 809 3035 ‘⁰⁸³⁹
847 2967 994 3051 ‘300h
1030 2969 1122 3022 ¹³0¹
1160 2969 1275 3051 Vir·
1384 2993 1530 3060 divi,
1566 2993 1673 3049 wie
1710 3001 1743 3048 2
1809 3000 1859 3049 5.
1899 2993 2023 3050 Liv.
2059 3000 2129 3049 23
2195 2999 2264 3049 35
2309 2995 2510 3061 fraudi

186 3034 272 3120 gil.
338 3039 576 3092 altorum
604 3040 746 3094 statt
778 3039 1111 3108 reliquorum
1137 3040 1276 3108 (των
1382 3067 1675 3121 struendae
1755 3038 1768 3064 '
2142 3039 2156 3063 '

188 3107 543 3248 ffloeggcgff?
559 3113 719 3235 &offis
748 3115 1090 3265 {gffgg'ggg·
1110 3110 1277 3252 zeh?
1461 3157 1546 3208 10.
1583 3161 1703 3210 orto
1739 3156 1920 3210 initia
1961 3155 2226 3212 Derselbe
2246 3155 2508 3211 Pleonas-

188 3249 464 3376 aas
677 3253 1281 3379 §.auram
1386 3242 1523 3351 ΖΖ
1814 3228 2241 3297 ’ΖΜ
2275 3227 2510 3383 ΖΖΖ

189 3385 293 3443 der„
325 3392 533 3448 Livius·
1391 3363 1607 3422 Cluent.
1646 3374 1694 3435 ξ.
1728 3373 1831 3423 180
1858 3369 1957 3424 hoc
1982 3374 2149 3424 tmtto
2176 3385 2512 3440 suspiciones

365 3475 714 3600 mr
1389 3444 1546 3573 Ζ·
1576 3518 1858 3590 ·····
2060 3519 2508 3590 mem

190 3612 340 3667 animi
372 3616 621 3671 considit.
674 3546 801 3671 algis
837 3617 1005 3672 Form
1042 3617 1150 3672 wie
1185 3616 1279 3672 bei
1460 3613 1539 3663 13.
1580 3610 1894 3664 vernacula.
1951 3609 2057 3664 Dio
2088 3616 2174 3678 57,
2205 3615 2237 3664 5
2266 3609 2364 3664 καὶ
2401 3608 2509 3681 γὰρ

191 3679 290 3737 Liv.
323 3691 370 3752 9,
406 3693 492 3757 37,
530 3693 579 3744 7.
617 3692 702 3757 28,
745 3692 825 3755 12,
864 3693 948 3743 15.
1387 3673 1453 3732 ἔκ
1497 3680 1599 3734 τοῦ
1657 3673 1890 3736 ἀστικοῦ
1939 3676 2138 3751 ὄχλου,
2184 3675 2283 3743 οὓς
2330 3678 2360 3737 ὃ
2397 3679 2509 3736 Αὔ-

249 3760 333 3818 81.
384 3771 431 3820 2.
478 3768 687 3836 plwres.
782 3767 855 3822 Es
908 3784 1099 3823 waren
1147 3769 1281 3824 acht
1386 3769 1621 3820 Ἰθυστθς
1655 3748 1796 3820 μετὰ
1833 3749 1938 3821 τὴν
1972 3753 2073 3807 τοῦ
2107 3748 2338 3823 Οὖᾶρῡυ
2377 3770 2510 3824 ΜΨ·

194 3827 463 3904 Legionem,
480 3838 583 3893 das
601 3837 816 3909 grosste
832 3841 946 3893 und
965 3840 1278 3908 tuchtigste
1389 3818 1580 3910 (ξηρὰν
1632 3820 2121 3907 προσκατέλδξένν,
2172 3821 2233 3878 Οἷ
2281 3826 2510 3888 πλείους

194 3897 318 3958 Heer
349 3906 424 3960 im
457 3908 681 3966 Reiche.
764 3909 835 3964 Je
870 3911 995 3966 vier
1042 3911 1278 3966 standen
1385 3910 1552 3961 ησαν.
1596 3893 1718 3948 Von
1747 3895 1854 3948 den
1885 3892 2006 3949 drei
2046 3896 2152 3950 mit
2179 3895 2358 3949 Varus
2388 3912 2507 3950 ver-

199 3986 274 4027 am
306 3977 502 4034 oberen
537 3980 651 4035 und
689 3981 926 4036 unteren
961 3980 1161 4036 Rhein.
1385 3964 1618 4018 lorenen
1669 3965 1956 4037 Legionen
2011 3966 2171 4021 hastfl
2216 3966 2508 4035 Auguslmss

253 4049 295 4100 ὅ.
321 4047 506 4119 Silius,
534 4052 679 4106 auch
707 4056 901 4122 spater
927 4052 1034 4107 auf
1066 4053 1279 4108 diesem
1387 4052 1493 4091 ΠΨ·
1529 4036 1668 4090 zwei
1703 4036 1920 4091 effelm-

198 4109 726 4194 Kriegsschauplatze
765 4124 983 4193 thatig,
1020 4123 1161 4179 wird
1199 4123 1281 4178 im
1460 4129 1544 4178 20.
1585 4141 1701 4191 ora,
1741 4124 1865 4180 eine
1903 4124 2365 4180 Personifikation
2401 4125 2508 4180 wie

196 4182 237 4237 J.
276 4192 338 4243 24
380 4192 548 4249 durch
608 4193 842 4263 Sejanus
892 4213 1019 4248 zum
1070 4194 1280 4250 Selbst·
1387 4194 1522 4253 hist.
1563 4200 1592 4247 1
1608 4237 1623 4265 ,
1664 4200 1728 4248 17
1768 4197 2190 4251 circumsteterat
2224 4197 2511 4251 Palatium

197 4259 360 4316 morde
394 4264 696 4335 gettieben.
780 4265 1016 4322 Caecina
1060 4267 1283 4337 schlagt
1381 4266 1615 4336 publica
1649 4267 1990 4336 exspectatio.
