2867 4625
367 96 501 163 206
1025 96 1374 154 CORNELII
1409 94 1657 151 TACITI
1692 96 2087 152 ANNALIUM

264 276 331 326 15
371 260 809 347 sequentibus.
899 281 1055 324 nam
1102 281 1250 325 eum
1297 280 1515 324 secum
1571 260 1822 325 servilis
1881 260 2136 324 animus
2197 260 2479 344 praemia
2528 261 2683 343 perfi-

369 350 513 415 diae
557 348 890 432 reputavit
936 349 1253 432 simulque
1308 349 1606 414 inmensa
1649 349 1925 432 pecunia
1971 351 2039 413 et
2089 349 2383 432 potentia
2426 349 2685 414 obversa·

100 467 120 484 ·
235 501 255 525 ‚
368 438 639 523 bantur,
692 437 890 503 cessit
940 436 1042 502 fas
1090 439 1159 502 et
1205 437 1381 503 salus
1437 438 1703 522 patroni
1751 440 1816 501 et
1871 440 2175 521 acceptae
2230 437 2542 503 libertatis
2582 460 2684 503 me-

367 527 592 592 moria.
677 526 919 591 etenim
965 527 1188 591 uxoris
1236 548 1490 611 quoque
1538 526 1886 592 consilium
1924 526 2376 610 adsumpserat
2415 525 2687 591 muliebre

370 635 447 680 ac
493 614 806 681 deterius:
863 615 1104 700 quippe
1149 616 1324 680 ultro
1372 618 1619 680 metum
1662 614 2059 698 intentabat,
2114 615 2482 700 multosque
2526 614 2685 680 adsti-

262 720 333 769 20
368 703 531 770 tisse
577 703 849 769 libertos
897 726 976 770 ac
1022 725 1273 788 servos,
1318 705 1431 788 qui
1478 704 1702 769 eadem
1739 703 2037 770 viderint.
2062 749 2076 762 -
2107 703 2272 769 nihil
2317 704 2686 789 profuturum

368 793 562 858 unius
629 793 987 877 silentium3
1062 795 1134 858 at
1194 793 1490 877 praemia
1550 815 1749 878 penes
1813 815 2012 859 unum
2077 792 2244 877 fore,
2319 793 2429 877 qui
2489 792 2687 857 indicio

367 882 829 966 praevenisset.

262 969 349 1035 55
548 969 760 1056 Igitur
804 973 1036 1053 coepta
1086 971 1231 1035 luce
1276 969 1585 1036 Milichus
1641 972 1712 1035 in
1767 970 1996 1035 hortos
2045 968 2442 1036 Servilianos
2486 969 2688 1056 pergit3
2766 921 2767 954 ἶ

370 1061 439 1122 et
483 1079 628 1123 cum
683 1059 937 1124 foribus
987 1063 1342 1144 arceretur,
1396 1079 1641 1144 magna
1696 1061 1763 1124 et
1817 1059 2066 1125 atrocia
2117 1059 2369 1126 adferre
2425 1059 2686 1125 dictitans

370 1147 806 1232 deductusque
844 1148 927 1212 ab
963 1147 1351 1213 ianitoribus
1394 1148 1477 1212 ad
1523 1149 1831 1213 libertum
1869 1147 2151 1214 Neronis
2188 1148 2689 1234 Epaphroditum,

367 1257 522 1301 mox
569 1236 651 1301 ab
698 1258 773 1301 eo
822 1236 903 1301 ad
950 1234 1296 1321 Neronem,
1341 1257 1583 1323 urgens
1638 1237 1996 1321 periculum
2006 1288 2024 1322 ,
2080 1258 2314 1323 graves
2362 1238 2688 1304 coniuratos

296 1339 329 1388 5
368 1328 437 1390 et
481 1329 699 1390 cetera
743 1347 909 1410 quae
958 1325 1256 1390 audierat
1290 1331 1405 1391 aut
1442 1325 1918 1403 coniectaverat
1963 1324 2167 1391 docet.
2231 1327 2442 1392 telum
2479 1344 2688 1411 quoque

364 1413 435 1478 in
472 1435 696 1479 necem
719 1414 872 1479 -eius
907 1417 1212 1499 paratum
1250 1414 1537 1480 ostendit
1571 1414 1892 1500 accirique
1928 1437 2114 1479 reum
2150 1416 2359 1481 iussit.
2412 1416 2469 1480 is
2504 1417 2689 1498 raptus

364 1524 482 1587 per
534 1503 777 1568 milites
835 1506 903 1568 et
967 1502 1409 1568 defensionem
1467 1525 1681 1588 orsus,
1745 1503 2019 1588 ferrum,
2082 1504 2264 1570 cuius
2330 1506 2689 1590 argueretur,

370 1591 531 1656 olim
575 1592 893 1677 religione
938 1593 1154 1676 patria
1190 1593 1435 1658 cultum
1474 1595 1542 1657 et
1585 1591 1656 1656 in
1694 1592 1991 1658 cubiculo
2034 1593 2338 1659 habitum
2386 1615 2463 1659 ac
2506 1589 2688 1657 fraude

367 1679 592 1744 liberti
630 1679 1009 1764 subreptum
1045 1682 1400 1766 respondit,
1446 1682 1709 1746 tabulas
1755 1682 2136 1747 testamenti
2174 1682 2435 1767 saepius
2472 1704 2510 1747 a
2544 1703 2604 1747 se
2639 1681 2687 1743 et

266 1784 333 1832 10
370 1769 769 1834 incustodita
831 1768 1080 1834 dierum
1136 1770 1593 1837 observatione
1649 1770 1958 1856 signatas.
2039 1771 2348 1855 pecunias
2412 1775 2477 1837 et
2533 1770 2686 1835 liber-

365 1860 535 1922 tates
594 1857 795 1923 servis
849 1860 917 1922 et
969 1862 1122 1924 ante
1177 1859 1348 1925 dono
1406 1860 1620 1944 datas,
1678 1860 1791 1925 sed
1844 1859 1990 1925 ideo
2040 1864 2200 1924 tunc
2244 1861 2520 1945 largiuS,
2571 1857 2688 1944 quia

366 1945 551 2010 tenui
605 1947 738 2010 iam
792 1968 864 2011 re
917 1947 1228 2013 familiari
1284 1951 1352 2012 et
1404 1948 1802 2014 instantibus
1851 1947 2278 2015 creditoribus
2331 1949 2686 2015 testamento

368 2033 707 2099 diffideret.
799 2035 1127 2102 enimvero
1182 2037 1488 2102 liberales
1546 2058 1802 2122 semper
1856 2037 2082 2121 epulas
2134 2039 2473 2121 struxisse,
2525 2038 2687 2102 vitam

368 2144 707 2188 amoenam
755 2127 822 2188 et
868 2123 1043 2189 duris
1088 2124 1410 2191 iudicibus
1457 2148 1689 2210 parum
1735 2127 2100 2209 probatam.
2172 2128 2469 2193 fomenta
2510 2126 2687 2190 vulne-

262 2225 327 2276 15
365 2212 548 2276 ribus
595 2212 779 2276 nulla
822 2212 1006 2278 iussu
1053 2235 1199 2298 suo,
1258 2216 1370 2279 sed
1418 2215 1570 2299 quia
1616 2218 1835 2290 cetera
1883 2217 2103 2298 palam
2149 2236 2322 2280 vana
2370 2214 2689 2294 obiecisset,

369 2301 717 2387 adiungere
765 2302 1033 2387 crimen,
1088 2304 1267 2369 cuius
1315 2326 1383 2369 se
1439 2304 1686 2388 pariter
1733 2304 2014 2369 indicem
2068 2307 2135 2371 et
2187 2307 2427 2370 testem
2472 2303 2686 2370 faceret.

370 2390 567 2455 adicit
613 2390 803 2455 dictis
854 2393 1321 2479 constantiam3
1367 2394 1629 2459 incusat
1662 2394 1834 2459 ultro
1882 2393 2325 2459 intestabilem
2366 2398 2434 2460 et
2469 2411 2686 2459 consce-

368 2480 649 2544 leratum
663 2530 680 2563 ,
727 2484 917 2545 tanta
962 2481 1139 2546 vocis
1181 2503 1257 2546 ac
1293 2482 1513 2547 vultus
1556 2482 1930 2566 securitate,
1976 2485 2052 2546 ut
2098 2482 2355 2547 labaret
2399 2481 2688 2560 indicium,

367 2568 499 2632 nisi
561 2566 901 2634 Milichum
976 2592 1138 2635 uxor
1214 2571 1659 2637 admonuisset
1721 2570 2085 2637 Antonium
2148 2570 2460 2637 Natalem
2521 2569 2687 2635 multa

260 2672 328 2722 20
366 2678 537 2759 cum·
554 2654 866 2810 Stciaevino
914 2680 992 2725 ac
1038 2663 1288 2725 secreta
1333 2661 1749 2726 conlocutum
1795 2664 1863 2725 et
1906 2681 2048 2725 esse
2093 2664 2404 2746 utrosque
2443 2659 2509 2726 O.
2544 2657 2686 2723 Piso·

366 2767 471 2810 ms
517 2767 587 2809 1n
644 2768 805 2811 mos.

369 3008 469 3062 das
506 3009 1022 3078 Bevorstehende“‚
1060 3011 1347 3081 abhangig
1382 3028 1496 3066 von
1600 3014 1700 3082 yit,
1736 3013 1962 3067 iuvante
1988 3011 2380 3081 Epaphrodito
2417 3031 2455 3069 a
2489 3010 2686 3075 libeas),

367 3081 789 3147 swale-ionibus.
1602 3100 1665 3139 so
1689 3082 1816 3138 liess
1855 3082 1956 3138 ihn
1984 3081 2290 3152 Domitian,
2327 3082 2423 3139 bei
2454 3081 2686 3139 welchem

442 3190 525 3239 19
590 3190 789 3240 mmm
855 3187 1130 3241 intentare
1200 3186 1278 3241 ist
1350 3203 1495 3242 neue
1602 3172 1664 3208 er
1682 3154 1938 3210 dasselbe
1958 3154 2095 3210 Amt
2110 3154 2457 3223 verwaltete,
2477 3150 2684 3209 hinrich·

368 3254 604 3320 Plu-ase
662 3256 769 3311 wie
817 3263 868 3324 3
907 3262 976 3311 23
1022 3261 1199 3312 terrm.
1243 3245 1528 3314 ommM‘
1600 3227 1715 3296 ten,
1753 3243 1852 3280 um
1887 3245 1956 3280 zu
1991 3225 2203 3296 zeigen,
2243 3224 2366 3281 dass
2397 3225 2485 3282 ein
2514 3222 2685 3278 Diener

368 3326 763 3381 mtmabatwr‚
1601 3268 1839 3351 niemals
1876 3315 2004 3350 zum
2041 3297 2196 3353 Tode
2243 3296 2341 3352 des
2377 3296 2553 3351 Herrn
2591 3291 2684 3347 bei·

1600 3369 1799 3436 tragen
1837 3367 2013 3423 dui-fe.

439 3501 536 3558 55.
597 3510 643 3559 1.
699 3501 789 3557 Da
843 3504 994 3559 Nero
1049 3504 1127 3559 im
1171 3505 1224 3561 J.
1272 3512 1341 3561 68
1399 3507 1501 3562 auf
1677 3479 1724 3528 7·
1777 3475 1937 3528 ‘mim
1991 3490 2222 3544 ”wegen
2278 3474 2536 3541 ⁶0⁸⁹⁰¹²“’
2586 3482 2683 3523 ⁰¹³⁶

369 3573 552 3628 seiner
595 3574 801 3629 Flucht
853 3576 1000 3630 nach
1056 3575 1214 3632 Ostia
1266 3576 1328 3631 in
1384 3578 1494 3632 den
1601 3546 1912 3614 pragmnf‘e
1950 3544 2372 3600 Κοῃπωὶῇοῃ·

367 3646 540 3700 hortis
568 3644 902 3700 Serviliamie
937 3647 1206 3716 verweilt,
1245 3665 1307 3703 so
1343 3654 1493 3703 mus-
1676 3656 1759 3704 10.
1798 3652 2195 3720 incustodita,
2200 3653 2364 3720 ‚ohne
2409 3643 2683 3706 Rucksicht

369 3733 467 3771 sen
505 3716 655 3771 diese
694 3717 970 3772 zwischen
1005 3718 1149 3774 Rom
1186 3720 1304 3773 und
1333 3719 1495 3776 Ostia
1601 3720 1732 3776 auf“
1784 3720 1862 3776 ist
1906 3723 1964 3778 in
2012 3724 2225 3780 diesem
2264 3723 2429 3778 Sinne
2474 3716 2563 3776 &a
2599 3713 2679 3780 elo·

371 3786 610 3857 gelegen
647 3788 849 3844 haben.
1603 3791 1772 3846 Sonst
1808 3793 1979 3848 heifst
2005 3810 2064 3849 es
2092 3795 2490 3864 „“unbewaeht
2527 3796 2602 3854 13,
2625 3789 2679 3840 41

442 3898 490 3945 3,
538 3892 955 3962 Epaphrodstug
997 3895 1158 3950 haste
1211 3895 1311 3951 das
1358 3898 1495 3952 ΑΜ
1603 3862 1761 3931 oder,
1765 3838 2187 3936 ,unvorsichtig‚
2201 3865 2544 3921 unbedacht“
2561 3831 2632 3926 1’2,
2639 3862 2679 3908 4.

369 3964 640 4043 ww
684 3964 801 4018 und
1599 3934 1833 4060 -εεε
2113 3938 2404 4063 aasz
2605 3900 2679 3983 εἰ

369 4048 448 4084 lm
521 4032 572 4089 J.
632 4040 697 4089 62
762 4052 873 4090 von
937 4036 1088 4090 Nero
1152 4038 1493 4107 vergl‘r'teten
2337 4026 2374 4078 8
2405 4026 2429 4061 8

369 4100 745 4172 Doryphorus.
817 4104 964 4161 Weil
1011 4123 1071 4161 er
1116 4110 1307 4177 spater
1363 4108 1493 4162 dem
1674 4117 1756 4165 17.
1804 4112 2135 4168 intestabilis
2187 4115 2326 4170 statt
2368 4106 2677 4169 detestabile

315 4190 328 4201 ·
371 4168 570 4225 Kaisar
597 4174 747 4229 heim
778 4175 1159 4233 Selbstmorde
1194 4178 1491 4233 behflffieh
1600 4183 1744 4236 auch
1801 4190 1851 4253 6,
1899 4189 1985 4238 40
2033 4189 2120 4242 51
2174 4185 2305 4240 hist„
2350 4191 2400 4253 4,
2439 4188 2505 4237 42
2554 4173 2676 4233 nach
2772 4224 2773 4243 ε

371 4257 489 4293 war
527 4242 758 4309 (Sueton
786 4240 854 4300 49
890 4248 1101 4313 ferrum
1136 4250 1328 4318 iuyulo
1365 4251 1490 4304 ade-
1601 4251 1817 4308 Sallust
1850 4256 1966 4310 und
2003 4255 2213 4312 Livius.

2744 4314 2774 4435 ⁴
