2867 4625
945 95 1162 153 LIBER.
1195 97 1294 154 IV.
1359 96 1516 155 cAP.
1555 102 1786 156 ενι-59.
2431 100 2566 167 239

189 284 353 329 num
403 261 488 328 ad
532 262 747 347 ipsum
800 260 1031 326 referri
1076 260 1292 325 verius
1340 261 1456 342 sit,
1513 260 1853 341 saevitiam
1899 281 1975 326 ac
2031 261 2370 328 libidinem
2419 285 2567 330 cum

193 352 395 417 factis
458 353 815 437 promeret,
880 350 1042 416 locis
1108 349 1566 415 occultantem.
1669 353 1858 415 erant
1921 349 2032 434 qui
2095 351 2432 418 crederent
2494 354 2567 419 in

194 444 533 507 senectute
593 439 886 525 corporis
948 459 1203 523 quoque
1257 438 1559 503 habitum
1612 439 1848 525 pudori
1902 438 2135 524 fuisse,
2180 442 2419 526 quippe
2464 442 2565 507 illi

189 528 625 616 praegracilis
655 532 722 593 et
745 529 1018 593 incurva
1052 527 1427 612 proceritas,
1462 528 1674 593 nudus
1714 527 1954 613 capillo
1991 533 2233 616 vertex,
2270 532 2567 596 ulcerosa

188 619 395 685 facies
477 640 554 683 ac
623 618 1007 703 plerumque
1088 617 1625 682 medicaminibus
1705 617 2143 703 interstincta3
2219 623 2287 684 et
2347 613 2566 687 Rhodi

191 713 450 774 secreto
495 708 704 772 vitare
760 709 1012 790 coetus,
1067 704 1414 770 recondere
1459 705 1833 790 voluptates
1888 706 2194 772 insuerat.
2284 709 2568 776 traditur

191 798 402 863 etiam
448 796 682 861 matris
727 794 1098 879 inpotentia.
1151 798 1515 879 extrusum,
1560 816 1755 879 quam
1810 794 2272 861 dominationis
2319 799 2566 864 sociam

189 886 678 972 aspernabatur
701 905 913 970 neque
952 884 1275 969 depellere
1310 887 1597 968 poterat,
1631 905 1778 950 cum
1805 883 2316 951 dominationem
2350 887 2565 972 ipsam

187 976 441 1042 donum
486 975 624 1039 eius
663 974 1034 1058 accepisset.
1091 994 1245 1038 nam
1272 972 1688 1039 dubitaverat
1721 974 2059 1058 Augustus
2090 974 2566 1061 Germanicum,

188 1064 445 1131 sororis
491 1066 798 1148 nepotem
844 1066 912 1127 et
956 1063 1208 1127 cunctis
1267 1062 1637 1146 laudatum,
1689 1064 1786 1128 rei
1831 1062 2169 1129 Romanae
2214 1065 2565 1151 imponere,

188 1154 308 1220 sed
356 1153 661 1238 precibus
696 1152 921 1218 uxoris
959 1151 1206 1217 evictus
1244 1150 1508 1217 Tiberio
1548 1151 2026 1236 Germanicum,
2063 1152 2192 1219 sibi
2230 1153 2565 1220 Tiberium

187 1243 492 1309 adscivit.
580 1241 777 1327 idque
821 1239 1129 1326 Augusta
1173 1241 1631 1326 exprobrabat,
1673 1241 2076 1326 reposcebat.

2609 549 2675 601 10

2607 996 2675 1046 15

373 1330 705 1397 Profectio
753 1333 895 1395 arto
942 1330 1257 1396 comitatu
1296 1329 1448 1395 fuit:
1495 1351 1661 1395 unus
1700 1334 1963 1396 senator
2000 1331 2344 1396 consulatu
2381 1329 2565 1396 func-
2585 1339 2673 1405 58

184 1424 324 1507 tus,
363 1420 672 1487 Cocceius
709 1418 947 1501 Nerva,
993 1419 1100 1485 cui
1135 1419 1356 1504 legum
1392 1418 1653 1503 peritia,
1700 1440 1896 1504 eques
1931 1418 2268 1485 Romanus
2305 1424 2568 1503 praeter

189 1509 507 1576 Seianum
554 1531 633 1574 ex
675 1508 1068 1575 inlustribus
1116 1507 1382 1574 Curtius
1428 1506 1712 1591 Atticus,
1757 1508 1956 1573 ceteri
2001 1506 2384 1574 liberalibus
2431 1512 2567 1575 stu-

189 1599 324 1665 diis
400 1598 709 1683 praediti,
782 1598 987 1663 ferme
1052 1594 1310 1677 Graeci,
1385 1618 1661 1682 quorum
1737 1597 2146 1663 sermonibus
2220 1597 2567 1666 levaretur.

184 1687 503 1753 ferebant
544 1687 741 1772 periti
780 1686 1160 1752 caelestium
1195 1685 1277 1751 iis
1315 1687 1602 1751 motibus
1641 1685 1927 1751 siderum
1964 1686 2318 1752 excessisse
2354 1686 2567 1752 Roma
2604 1712 2637 1762 5

186 1777 565 1860 Tiberium,
608 1779 686 1841 ut
729 1775 977 1842 reditus
1023 1775 1122 1840 illi
1165 1777 1537 1860 negaretur.
1640 1775 1809 1840 unde
1871 1775 2053 1840 exitii
2099 1797 2294 1842 causa
2338 1776 2565 1842 multis

183 1866 324 1931 fuit
360 1886 708 1950 properum
743 1865 940 1930 finem
969 1865 1143 1930 vitae
1180 1863 1703 1929 coniectantibus
1741 1865 2317 1950 vulgantibusque3
2353 1887 2565 1951 neque

188 1956 377 2021 enim
437 1958 577 2021 tam
633 1954 1089 2039 ‘incredibilem
1144 1975 1371 2019 casum
1421 1953 1890 2036 providebant,
1953 1957 2028 2018 ut
2088 1953 2384 2019 undecim
2450 1976 2566 2038 per

189 2065 407 2111 annos
453 2043 666 2109 libens
710 2043 928 2127 patria
974 2047 1240 2108 careret.
1324 2063 1478 2108 mox
1524 2043 1743 2126 patuit
1780 2043 1975 2108 breve
2013 2042 2364 2108 confinium
2402 2043 2564 2108 artis

189 2137 263 2199 et
297 2133 476 2217 falsi,
510 2154 790 2218 veraque
830 2153 1026 2218 quam
1064 2131 1360 2197 obscuris
1388 2134 1781 2216 tegerentur.
1862 2154 2017 2198 nam
2053 2131 2123 2196 in
2157 2132 2386 2196 urbem
2429 2153 2565 2197 non

189 2242 645 2308 regressurum
701 2220 878 2287 haud
930 2219 1105 2287 forte
1152 2219 1428 2285 dictum:
1494 2225 1858 2286 ceterorum
1903 2220 2106 2286 nescii
2154 2240 2370 2306 egere,
2417 2241 2565 2284 cum

188 2313 568 2399 propinquo
633 2331 782 2376 rure
847 2314 962 2376 aut
1024 2310 1217 2377 litore
1284 2313 1351 2375 et
1424 2332 1619 2395 saepe
1681 2309 1943 2376 moenia
2006 2309 2186 2376 urbis
2262 2308 2563 2375 adsidens

191 2405 557 2468 extremam
605 2403 931 2466 senectam
975 2399 1420 2483 compleverit.

2605 2156 2672 2205 10

379 2488 480 2555 Ac
525 2490 699 2555 forte
758 2489 894 2553 illis
941 2487 1169 2553 diebus
1229 2489 1527 2554 oblatum
1572 2486 1838 2553 Caesari
1897 2469 2138 2573 anceps
2202 2485 2562 2571 periculum
2583 2496 2671 2561 59

189 2579 383 2646 auxit
424 2601 598 2644 vana
655 2578 935 2643 rumoris
998 2578 1428 2662 praebuitque
1486 2577 1613 2661 ipsi
1672 2575 2010 2641 materiem
2068 2597 2184 2641 cur
2239 2575 2564 2640 amicitiae

189 2668 740 2751 constantiaeque
786 2665 1002 2732 Seiani
1057 2665 1269 2750 magis
1323 2665 1571 2730 fideret.
1661 2665 2091 2730 vescebantur
2143 2665 2213 2729 in
2258 2664 2416 2728 villa
2463 2664 2567 2728 cui

187 2757 614 2825 vocabulum'
656 2753 1039 2841 Speluncae,
1101 2777 1281 2820 mare
1325 2754 1808 2821 Amunclanum
1874 2754 2046 2820 inter
2100 2758 2158 2818 et
2209 2751 2563 2818 Fundanos

266 2936 358 2985 11.
429 2932 813 2988 wastinam
837 2930 900 2984 in
925 2929 1136 2984 diesem
1154 2926 1327 2984 Sinne
1507 2931 1558 2983 ὅ.
1629 2928 1868 2985 motibus
1910 2927 2152 2984 siderum
2196 2969 2231 2998 ‚,
2246 2927 2566 2983 Konstella-

190 3004 291 3060 bei
331 3003 567 3058 Tacitus
603 2998 708 3058 5222.
743 3000 866 3072 εἰρ.,
913 3001 1071 3056 sonet
1105 3019 1212 3055 nur
1246 2999 1326 3054 im
1432 2999 1611 3055 tion“.

187 3074 481 3132 silbernen
513 3074 735 3129 Latein.
1508 3076 1559 3127 9.
1633 3071 1787 3128 breve
1812 3070 2113 3138 confinium
2149 3069 2277 3137 „die
2313 3069 2567 3124 schmale

268 3168 358 3219 15,
432 3163 787 3219 dubitaverat
881 3176 943 3216 01·
986 3160 1146 3216 hatte
1192 3158 1326 3215 Nei-
1434 3141 1823 3211 Grenzlinie“‚
1869 3141 2047 3198 durch
2081 3140 2297 3196 welche
2347 3139 2410 3194 in
2446 3139 2565 3195 die-

189 3251 356 3306 gung
404 3234 682 3304 gehabt“,
736 3203 869 3289 „vio”
903 3248 990 3302 op,
1037 3236 1106 3286 42
1162 3247 1327 3287 mmo-
1435 3229 1537 3269 sen
1582 3213 1805 3284 Dingen
1850 3212 1942 3268 die
1987 3211 2406 3268 Wissenschaft
2453 3228 2568 3267 von

188 3311 419 3363 tantem,
497 3305 551 3360 s,
577 3310 661 3374 13,
689 3309 759 3359 50
797 3303 912 3358 und
951 3302 1063 3358 010,
1104 3301 1181 3358 ad
1205 3301 1324 3358 Ast,
1437 3285 1566 3340 dem
1596 3287 1842 3354 Betruge
1869 3285 2136 3354 getrennt
2169 3283 2260 3338 ist.
2337 3282 2570 3338 Tacitus

195 3384 286 3448 12,
330 3382 397 3432 49
427 3391 461 3432 ο
488 3377 766 3446 tempora!
798 3375 934 3443 fore,
974 3390 1098 3429 cum
1118 3374 1333 3430 dubitet
1441 3356 1673 3427 glaubte
1687 3399 1701 3425 ‚
1767 3355 1875 3411 wie
1939 3356 2094 3410 seine
2148 3355 2570 3424 Zeitgenossen,

192 3449 434 3506 Curtius
468 3448 816 3503 consulatum
842 3447 1058 3517 petere!
1440 3426 1934 3568 Ἦλὲῗεξθέἓξέιίιοη
1979 3442 2055 3481 an
2089 3424 2414 3496 Astrologie
2450 3425 2571 3479 und

262 3546 367 3601 58.
423 3551 485 3628 ⁶2.
551 3544 744 3628 Nee-‘va
770 3543 850 3598 ist
876 3542 977 3627 der
1004 3539 1333 3598 Grossvater
1513 3575 1596 3625 11·
1660 3570 1815 3626 haud
1846 3569 1991 3637 forte
2025 3609 2039 3637 ,
2060 3567 2221 3623 nicht
2257 3567 2436 3623 durch
2464 3567 2568 3622 zu.

190 3618 292 3673 des
322 3617 783 3687 gleichnamigen
808 3615 1057 3683 Kaisers,
1089 3613 1189 3668 der
1215 3629 1332 3670 von
1434 3636 1593 3696 fanu,
2046 3611 2058 3638 ’

188 3695 259 3744 96
296 3688 388 3743 bis
429 3694 497 3743 98
535 3686 767 3756 regiert.
849 3685 928 3739 Er
964 3684 1121 3740 “arb
1160 3684 1241 3739 im
1277 3683 1328 3739 J·
1515 3717 1595 3767 12.
1671 3711 1924 3767 adsidere
1958 3710 2066 3765 mit
2100 3709 2230 3765 dem
2263 3707 2566 3765 Accusativ

187 3766 275 3886 g&
378 3758 484 3813 ΑῙΒ
548 3757 742 3841 Juri'ff.
795 3758 1032 3838 8⁰¹²&oe
1106 3771 1167 3810 ΒΥ
1230 3754 1332 3809 ‘³⁹¹'
1435 3800 1544 3838 nur
1577 3782 1727 3838 noch
1755 3788 1806 3850 6,
1844 3787 1914 3837 43
1952 3780 2102 3837 nach
2138 3779 2418 3850 Analogie
2455 3795 2568 3835 von

227 3830 399 3887 chule
451 3831 553 3886 des
608 3826 891 3884 Antistius
946 3827 1136 3882 Labeo
1192 3825 1330 3881 oder
1437 3855 1711 3922 accedere,
1749 3854 2073 3920 adventare,
2108 3854 2430 3916 adcurrere,
2466 3851 2567 3905 aa-

186 3902 299 3959 den
334 3900 746 3957 P¹⁰⁶¹²l¹⁸¹²⁹m
785 3915 875 3957 ²²¹²·
1435 3926 1584 3995 vehi,
1649 3926 1886 3982 advolvi.
1988 3923 2063 3978 So
2129 3924 2276 3978 auch
2341 3920 2567 3988 Sallust,

253 4006 310 4057 3.
376 3999 731 4068 inlustribus,
771 3996 824 4052 d.
862 3995 921 4054 h.
960 3997 1053 4052 die
1091 3995 1203 4051 den
1240 4010 1326 4050 se·
1435 3997 1670 4052 Dichter
1705 3996 1821 4051 und
1859 3996 2002 4052 Gell.
2045 4001 2096 4064 7,
2136 4001 2185 4063 1,
2223 4001 2275 4049 8.

179 4071 552 4129 natorischen
590 4068 802 4125 Census
848 4084 962 4125 von
1010 4066 1165 4122 einer
1199 4064 1330 4120 Mil-⁷
1507 4067 1607 4125 59.
1671 4074 1721 4124 2.
1785 4084 1938 4123 vana
1971 4067 2229 4133 rumoris,
2265 4063 2376 4119 wie
2410 4067 2462 4130 2,
2494 4067 2560 4116 ’16

176 4144 304 4199 lion
327 4144 553 4198 hatten.
583 4171 654 4183 --
696 4139 928 4197 Curtius
955 4138 1198 4207 Atticm,
1236 4137 1329 4193 ein
1435 4139 1641 4195 inania
1657 4141 1856 4207 famae.
1885 4137 2020 4208 Agr.
2038 4145 2070 4193 6
2099 4135 2305 4192 inania
2321 4134 2562 4189 honoris.

176 4216 410 4271 Freund
464 4215 570 4268 des
621 4211 796 4280 Ovid,
852 4209 994 4267 fand
1038 4210 1119 4265 im
1167 4211 1218 4267 J.
1259 4214 1326 4264 31
1509 4217 1558 4267 4.
1626 4210 1888 4283 Amyclae
1915 4207 2206 4279 (richtiger
2232 4205 2561 4273 Amunclae)

176 4287 362 4343 durch
401 4283 579 4355 Sejan
615 4284 726 4340 den
761 4283 1110 4353 Untergang.
1436 4282 1536 4352 lag
1580 4298 1654 4338 an
1708 4283 1809 4337 der
1852 4280 2031 4335 Kuste
2081 4279 2180 4333 des
2223 4277 2564 4347 Volskerge-
