<?xml version="1.0" encoding="UTF-8"?>
<!DOCTYPE html PUBLIC "-//W3C//DTD XHTML 1.0 Transitional//EN"
    "http://www.w3.org/TR/xhtml1/DTD/xhtml1-transitional.dtd">
<html xmlns="http://www.w3.org/1999/xhtml" xml:lang="en" lang="en">
 <head>
  <title>
</title>
<meta http-equiv="Content-Type" content="text/html;charset=utf-8" />
  <meta name='ocr-system' content='tesseract 3.04.00' />
  <meta name='ocr-capabilities' content='ocr_page ocr_carea ocr_par ocr_line ocrx_word'/>
</head>
<body>
  <div class='ocr_page' id='page_1' title='image "./dieannalendesta00draegoog_0522.png"; bbox 0 0 2867 4625; ppageno 0'>
   <div class='ocr_carea' id='block_1_1' title="bbox 337 90 2052 161">
    <p class='ocr_par' dir='ltr' id='par_1_1' title="bbox 337 90 2052 161">
     <span class='ocr_line' id='line_1_1' title="bbox 337 90 2052 161; baseline -0.009 0"><span class='ocrx_word' id='word_1_1' title='bbox 337 97 469 161; x_wconf 78' lang='grc'><strong>212</strong></span> <span class='ocrx_word' id='word_1_2' title='bbox 980 91 1332 149; x_wconf 85' lang='lat' dir='ltr'>CORNELII</span> <span class='ocrx_word' id='word_1_3' title='bbox 1368 91 1617 147; x_wconf 84' lang='lat' dir='ltr'>TACITI</span> <span class='ocrx_word' id='word_1_4' title='bbox 1654 92 1759 146; x_wconf 87' lang='lat' dir='ltr'><strong>AN</strong></span> <span class='ocrx_word' id='word_1_5' title='bbox 1762 90 2052 148; x_wconf 86' lang='lat' dir='ltr'><strong>NALIUM</strong></span> 
     </span>
    </p>
   </div>
   <div class='ocr_carea' id='block_1_2' title="bbox 241 256 2663 968">
    <p class='ocr_par' dir='ltr' id='par_1_2' title="bbox 241 256 2663 968">
     <span class='ocr_line' id='line_1_2' title="bbox 336 256 2651 343; baseline -0.002 -18"><span class='ocrx_word' id='word_1_6' title='bbox 336 261 460 325; x_wconf 91' lang='lat' dir='ltr'><strong>bus</strong></span> <span class='ocrx_word' id='word_1_7' title='bbox 509 259 678 325; x_wconf 90' lang='lat' dir='ltr'><strong>servi</strong></span> <span class='ocrx_word' id='word_1_8' title='bbox 720 258 1067 343; x_wconf 80' lang='lat' dir='ltr'>libertique</span> <span class='ocrx_word' id='word_1_9' title='bbox 1115 257 1413 343; x_wconf 85' lang='lat' dir='ltr'><strong>obligant</strong></span> <span class='ocrx_word' id='word_1_10' title='bbox 1466 256 1761 341; x_wconf 90' lang='lat' dir='ltr'><strong>brachia,</strong></span> <span class='ocrx_word' id='word_1_11' title='bbox 1818 260 2120 340; x_wconf 90' lang='lat' dir='ltr'><strong>premunt</strong></span> <span class='ocrx_word' id='word_1_12' title='bbox 2168 257 2531 341; x_wconf 88' lang='lat' dir='ltr'><strong>sanguinem</strong></span> <span class='ocrx_word' id='word_1_13' title='bbox 2568 258 2651 321; x_wconf 89' lang='lat' dir='ltr'><strong>in-</strong></span> 
     </span>
     <span class='ocr_line' id='line_1_3' title="bbox 341 344 2657 435; baseline -0.002 -21"><span class='ocrx_word' id='word_1_14' title='bbox 341 355 596 415; x_wconf 91' lang='lat' dir='ltr'><strong>certum·</strong></span> <span class='ocrx_word' id='word_1_15' title='bbox 627 371 712 413; x_wconf 89' lang='lat' dir='ltr'><strong>an</strong></span> <span class='ocrx_word' id='word_1_16' title='bbox 748 349 1034 435; x_wconf 89' lang='lat' dir='ltr'><strong>ignarae.</strong></span> <span class='ocrx_word' id='word_1_17' title='bbox 1097 368 1273 430; x_wconf 89' lang='lat' dir='ltr'><strong>nam,</strong></span> <span class='ocrx_word' id='word_1_18' title='bbox 1309 349 1383 410; x_wconf 90' lang='lat' dir='ltr'><strong>ut</strong></span> <span class='ocrx_word' id='word_1_19' title='bbox 1420 349 1520 410; x_wconf 86' lang='lat' dir='ltr'><strong>est</strong></span> <span class='ocrx_word' id='word_1_20' title='bbox 1551 345 1786 430; x_wconf 87' lang='lat' dir='ltr'><strong>vulgus</strong></span> <span class='ocrx_word' id='word_1_21' title='bbox 1824 345 1906 409; x_wconf 89' lang='lat' dir='ltr'><strong>ad</strong></span> <span class='ocrx_word' id='word_1_22' title='bbox 1942 344 2263 409; x_wconf 73' lang='lat' dir='ltr'><strong>deteriora.</strong></span> <span class='ocrx_word' id='word_1_23' title='bbox 2296 350 2657 430; x_wconf 87' lang='lat' dir='ltr'><strong>promptum,</strong></span> 
     </span>
     <span class='ocr_line' id='line_1_4' title="bbox 271 432 2655 522; baseline -0.002 -18"><span class='ocrx_word' id='word_1_24' title='bbox 271 455 302 504; x_wconf 85' lang='lat'>5</span> <span class='ocrx_word' id='word_1_25' title='bbox 342 460 475 504; x_wconf 91' lang='lat' dir='ltr'><strong>non</strong></span> <span class='ocrx_word' id='word_1_26' title='bbox 522 437 782 502; x_wconf 81' lang='lat' dir='ltr'><strong>defuere</strong></span> <span class='ocrx_word' id='word_1_27' title='bbox 828 437 939 522; x_wconf 91' lang='lat' dir='ltr'><strong>qui</strong></span> <span class='ocrx_word' id='word_1_28' title='bbox 975 435 1327 519; x_wconf 85' lang='lat' dir='ltr'><strong>crederent,</strong></span> <span class='ocrx_word' id='word_1_29' title='bbox 1372 434 1575 499; x_wconf 90' lang='lat' dir='ltr'><strong>donec</strong></span> <span class='ocrx_word' id='word_1_30' title='bbox 1614 433 2072 519; x_wconf 81' lang='lat' dir='ltr'><strong>inplacabilem</strong></span> <span class='ocrx_word' id='word_1_31' title='bbox 2100 432 2424 499; x_wconf 87' lang='lat' dir='ltr'><strong>Neronem</strong></span> <span class='ocrx_word' id='word_1_32' title='bbox 2457 435 2655 499; x_wconf 90' lang='lat' dir='ltr'><strong>timue·</strong></span> 
     </span>
     <span class='ocr_line' id='line_1_5' title="bbox 341 522 2657 610; baseline -0.001 -19"><span class='ocrx_word' id='word_1_33' title='bbox 341 527 445 610; x_wconf 90' lang='lat' dir='ltr'><strong>rit,</strong></span> <span class='ocrx_word' id='word_1_34' title='bbox 494 527 738 592; x_wconf 87' lang='lat' dir='ltr'><strong>famam</strong></span> <span class='ocrx_word' id='word_1_35' title='bbox 775 526 1057 591; x_wconf 89' lang='lat' dir='ltr'><strong>sociatae</strong></span> <span class='ocrx_word' id='word_1_36' title='bbox 1091 548 1244 590; x_wconf 85' lang='lat' dir='ltr'><strong>cum</strong></span> <span class='ocrx_word' id='word_1_37' title='bbox 1284 524 1520 589; x_wconf 89' lang='lat' dir='ltr'><strong>marito</strong></span> <span class='ocrx_word' id='word_1_38' title='bbox 1558 524 1790 589; x_wconf 89' lang='lat' dir='ltr'><strong>mortis</strong></span> <span class='ocrx_word' id='word_1_39' title='bbox 1837 523 2161 607; x_wconf 74' lang='lat' dir='ltr'><strong>petivisse,</strong></span> <span class='ocrx_word' id='word_1_40' title='bbox 2207 522 2431 587; x_wconf 90' lang='lat' dir='ltr'><strong>deinde</strong></span> <span class='ocrx_word' id='word_1_41' title='bbox 2468 523 2657 588; x_wconf 87' lang='lat' dir='ltr'><strong>oblata</strong></span> 
     </span>
     <span class='ocr_line' id='line_1_6' title="bbox 342 611 2659 700; baseline -0.001 -21"><span class='ocrx_word' id='word_1_42' title='bbox 342 617 598 681; x_wconf 89' lang='lat' dir='ltr'><strong>mitiore</strong></span> <span class='ocrx_word' id='word_1_43' title='bbox 663 638 777 700; x_wconf 90' lang='lat' dir='ltr'><strong>spe</strong></span> <span class='ocrx_word' id='word_1_44' title='bbox 847 614 1307 680; x_wconf 72' lang='lat' dir='ltr'><strong>blandimentis</strong></span> <span class='ocrx_word' id='word_1_45' title='bbox 1372 613 1543 678; x_wconf 84' lang='lat' dir='ltr'><strong>vitae</strong></span> <span class='ocrx_word' id='word_1_46' title='bbox 1608 612 1908 697; x_wconf 81' lang='lat' dir='ltr'><strong>evictam3</strong></span> <span class='ocrx_word' id='word_1_47' title='bbox 1984 612 2091 676; x_wconf 89' lang='lat' dir='ltr'><strong>cui</strong></span> <span class='ocrx_word' id='word_1_48' title='bbox 2145 611 2392 677; x_wconf 75' lang='lat' dir='ltr'><strong>addidit</strong></span> <span class='ocrx_word' id='word_1_49' title='bbox 2452 634 2659 695; x_wconf 87' lang='lat' dir='ltr'><strong>paucos</strong></span> 
     </span>
     <span class='ocr_line' id='line_1_7' title="bbox 342 700 2659 790; baseline -0.002 -20"><span class='ocrx_word' id='word_1_50' title='bbox 342 709 568 789; x_wconf 89' lang='lat' dir='ltr'><strong>postea</strong></span> <span class='ocrx_word' id='word_1_51' title='bbox 607 725 830 787; x_wconf 79' lang='lat' dir='ltr'><strong>annOS,</strong></span> <span class='ocrx_word' id='word_1_52' title='bbox 874 704 1187 768; x_wconf 87' lang='lat' dir='ltr'><strong>laudabili</strong></span> <span class='ocrx_word' id='word_1_53' title='bbox 1222 703 1291 767; x_wconf 91' lang='lat' dir='ltr'><strong>in</strong></span> <span class='ocrx_word' id='word_1_54' title='bbox 1328 703 1636 767; x_wconf 88' lang='lat' dir='ltr'><strong>maritum</strong></span> <span class='ocrx_word' id='word_1_55' title='bbox 1670 700 1987 766; x_wconf 90' lang='lat' dir='ltr'><strong>memoria</strong></span> <span class='ocrx_word' id='word_1_56' title='bbox 2023 703 2089 790; x_wconf 83' lang='lat' dir='ltr'><strong>et</strong></span> <span class='ocrx_word' id='word_1_57' title='bbox 2126 722 2236 765; x_wconf 85' lang='lat' dir='ltr'><strong>ore</strong></span> <span class='ocrx_word' id='word_1_58' title='bbox 2276 720 2353 765; x_wconf 88' lang='lat' dir='ltr'><strong>ac</strong></span> <span class='ocrx_word' id='word_1_59' title='bbox 2388 702 2659 765; x_wconf 86' lang='lat' dir='ltr'><strong>membris</strong></span> 
     </span>
     <span class='ocr_line' id='line_1_8' title="bbox 343 790 2661 877; baseline -0.001 -20"><span class='ocrx_word' id='word_1_60' title='bbox 343 796 412 858; x_wconf 91' lang='lat' dir='ltr'><strong>in</strong></span> <span class='ocrx_word' id='word_1_61' title='bbox 457 816 605 859; x_wconf 92' lang='lat' dir='ltr'><strong>eum</strong></span> <span class='ocrx_word' id='word_1_62' title='bbox 660 794 977 877; x_wconf 89' lang='lat' dir='ltr'><strong>pallorem</strong></span> <span class='ocrx_word' id='word_1_63' title='bbox 1023 792 1421 874; x_wconf 85' lang='lat' dir='ltr'><strong>albentibus,</strong></span> <span class='ocrx_word' id='word_1_64' title='bbox 1478 794 1551 856; x_wconf 91' lang='lat' dir='ltr'><strong>ut</strong></span> <span class='ocrx_word' id='word_1_65' title='bbox 1598 790 1883 856; x_wconf 90' lang='lat' dir='ltr'><strong>ostentui</strong></span> <span class='ocrx_word' id='word_1_66' title='bbox 1939 794 2112 855; x_wconf 88' lang='lat' dir='ltr'><strong>esset</strong></span> <span class='ocrx_word' id='word_1_67' title='bbox 2157 790 2437 854; x_wconf 88' lang='lat' dir='ltr'><strong>multum</strong></span> <span class='ocrx_word' id='word_1_68' title='bbox 2478 791 2661 854; x_wconf 87' lang='lat' dir='ltr'><strong>vitalis</strong></span> 
     </span>
     <span class='ocr_line' id='line_1_9' title="bbox 241 879 2663 968; baseline -0.002 -21"><span class='ocrx_word' id='word_1_69' title='bbox 241 899 308 947; x_wconf 82' lang='lat'><strong>10</strong></span> <span class='ocrx_word' id='word_1_70' title='bbox 348 883 614 966; x_wconf 88' lang='lat' dir='ltr'><strong>spiritus</strong></span> <span class='ocrx_word' id='word_1_71' title='bbox 656 885 965 968; x_wconf 84' lang='lat' dir='ltr'><strong>egestum.</strong></span> <span class='ocrx_word' id='word_1_72' title='bbox 1031 880 1275 946; x_wconf 82' lang='lat' dir='ltr'><strong>Seneca</strong></span> <span class='ocrx_word' id='word_1_73' title='bbox 1312 880 1593 962; x_wconf 90' lang='lat' dir='ltr'><strong>interim,</strong></span> <span class='ocrx_word' id='word_1_74' title='bbox 1638 879 1912 943; x_wconf 84' lang='lat' dir='ltr'><strong>durante</strong></span> <span class='ocrx_word' id='word_1_75' title='bbox 1957 882 2174 944; x_wconf 88' lang='lat' dir='ltr'><strong>tractu</strong></span> <span class='ocrx_word' id='word_1_76' title='bbox 2210 882 2279 944; x_wconf 92' lang='lat' dir='ltr'><strong>et</strong></span> <span class='ocrx_word' id='word_1_77' title='bbox 2312 879 2663 943; x_wconf 86' lang='lat' dir='ltr'><strong>lentitudine</strong></span> 
     </span>
    </p>
   </div>
   <div class='ocr_carea' id='block_1_3' title="bbox 2764 0 2776 967">
    <p class='ocr_par' dir='ltr' id='par_1_3' title="bbox 2764 0 2776 967">
     <span class='ocr_line' id='line_1_10' title="bbox 2764 0 2776 967; baseline 0 0"><span class='ocrx_word' id='word_1_78' title='bbox 2764 0 2776 967; x_wconf 95' lang='lat' dir='ltr'><strong> </strong></span> 
     </span>
    </p>
   </div>
   <div class='ocr_carea' id='block_1_4' title="bbox 346 963 2765 1056">
    <p class='ocr_par' dir='ltr' id='par_1_4' title="bbox 346 963 2765 1056">
     <span class='ocr_line' id='line_1_11' title="bbox 346 963 2765 1056; baseline -0.002 -19"><span class='ocrx_word' id='word_1_79' title='bbox 346 973 594 1056; x_wconf 80' lang='lat' dir='ltr'><strong>mortiS,</strong></span> <span class='ocrx_word' id='word_1_80' title='bbox 642 970 922 1037; x_wconf 86' lang='lat' dir='ltr'><strong>Statium</strong></span> <span class='ocrx_word' id='word_1_81' title='bbox 960 970 1320 1054; x_wconf 85' lang='lat' dir='ltr'><strong>Annaeum,</strong></span> <span class='ocrx_word' id='word_1_82' title='bbox 1366 968 1475 1032; x_wconf 93' lang='lat' dir='ltr'><strong>diu</strong></span> <span class='ocrx_word' id='word_1_83' title='bbox 1514 968 1639 1032; x_wconf 89' lang='lat' dir='ltr'><strong>sibi</strong></span> <span class='ocrx_word' id='word_1_84' title='bbox 1676 968 1999 1033; x_wconf 78' lang='lat' dir='ltr'><strong>amicitiae</strong></span> <span class='ocrx_word' id='word_1_85' title='bbox 2044 968 2171 1032; x_wconf 90' lang='lat' dir='ltr'><strong>fide</strong></span> <span class='ocrx_word' id='word_1_86' title='bbox 2210 971 2276 1032; x_wconf 92' lang='lat' dir='ltr'><strong>et</strong></span> <span class='ocrx_word' id='word_1_87' title='bbox 2319 971 2459 1033; x_wconf 89' lang='lat' dir='ltr'><strong>arte</strong></span> <span class='ocrx_word' id='word_1_88' title='bbox 2501 967 2664 1033; x_wconf 83' lang='lat' dir='ltr'><strong>medi·</strong></span> <span class='ocrx_word' id='word_1_89' title='bbox 2758 963 2765 980; x_wconf 67' lang='lat'><strong>⁴</strong></span> 
     </span>
    </p>
   </div>
   <div class='ocr_carea' id='block_1_5' title="bbox 244 1056 2672 1836">
    <p class='ocr_par' dir='ltr' id='par_1_5' title="bbox 244 1056 2672 1836">
     <span class='ocr_line' id='line_1_12' title="bbox 348 1056 2666 1144; baseline -0.002 -19"><span class='ocrx_word' id='word_1_90' title='bbox 348 1061 527 1127; x_wconf 87' lang='lat' dir='ltr'><strong>cinae</strong></span> <span class='ocrx_word' id='word_1_91' title='bbox 573 1061 941 1144; x_wconf 89' lang='lat' dir='ltr'><strong>probatum,</strong></span> <span class='ocrx_word' id='word_1_92' title='bbox 989 1063 1132 1124; x_wconf 88' lang='lat' dir='ltr'><strong>orat</strong></span> <span class='ocrx_word' id='word_1_93' title='bbox 1175 1057 1511 1142; x_wconf 91' lang='lat' dir='ltr'><strong>provisum</strong></span> <span class='ocrx_word' id='word_1_94' title='bbox 1556 1057 1804 1141; x_wconf 88' lang='lat' dir='ltr'><strong>pridem</strong></span> <span class='ocrx_word' id='word_1_95' title='bbox 1852 1079 2192 1143; x_wconf 90' lang='lat' dir='ltr'><strong>venenum,</strong></span> <span class='ocrx_word' id='word_1_96' title='bbox 2238 1079 2368 1142; x_wconf 92' lang='lat' dir='ltr'><strong>quo</strong></span> <span class='ocrx_word' id='word_1_97' title='bbox 2416 1056 2666 1121; x_wconf 86' lang='lat' dir='ltr'><strong>damnati</strong></span> 
     </span>
     <span class='ocr_line' id='line_1_13' title="bbox 347 1145 2665 1235; baseline -0.001 -22"><span class='ocrx_word' id='word_1_98' title='bbox 347 1150 609 1235; x_wconf 90' lang='lat' dir='ltr'><strong>publico</strong></span> <span class='ocrx_word' id='word_1_99' title='bbox 657 1148 1151 1214; x_wconf 88' lang='lat' dir='ltr'><strong>Atheniensium</strong></span> <span class='ocrx_word' id='word_1_100' title='bbox 1197 1147 1434 1212; x_wconf 91' lang='lat' dir='ltr'><strong>iudicio</strong></span> <span class='ocrx_word' id='word_1_101' title='bbox 1484 1147 2078 1232; x_wconf 86' lang='lat' dir='ltr'><strong>exstinguerentur,</strong></span> <span class='ocrx_word' id='word_1_102' title='bbox 2122 1149 2476 1230; x_wconf 82' lang='lat' dir='ltr'><strong>promeret3</strong></span> <span class='ocrx_word' id='word_1_103' title='bbox 2527 1145 2665 1210; x_wconf 85' lang='lat' dir='ltr'><strong>adla-</strong></span> 
     </span>
     <span class='ocr_line' id='line_1_14' title="bbox 348 1234 2667 1326; baseline -0.003 -23"><span class='ocrx_word' id='word_1_104' title='bbox 348 1241 617 1323; x_wconf 88' lang='lat' dir='ltr'><strong>tumque</strong></span> <span class='ocrx_word' id='word_1_105' title='bbox 663 1238 884 1303; x_wconf 88' lang='lat' dir='ltr'><strong>hausit</strong></span> <span class='ocrx_word' id='word_1_106' title='bbox 929 1237 1190 1320; x_wconf 82' lang='lat' dir='ltr'><strong>frustra,</strong></span> <span class='ocrx_word' id='word_1_107' title='bbox 1235 1235 1512 1321; x_wconf 82' lang='lat' dir='ltr'><strong>frigidus</strong></span> <span class='ocrx_word' id='word_1_108' title='bbox 1558 1236 1691 1299; x_wconf 91' lang='lat' dir='ltr'><strong>iam</strong></span> <span class='ocrx_word' id='word_1_109' title='bbox 1729 1239 1910 1300; x_wconf 88' lang='lat' dir='ltr'><strong>artus</strong></span> <span class='ocrx_word' id='word_1_110' title='bbox 1949 1238 2014 1299; x_wconf 93' lang='lat' dir='ltr'><strong>et</strong></span> <span class='ocrx_word' id='word_1_111' title='bbox 2059 1235 2238 1326; x_wconf 83' lang='lat' dir='ltr'><strong>cluso</strong></span> <span class='ocrx_word' id='word_1_112' title='bbox 2277 1256 2542 1318; x_wconf 89' lang='lat' dir='ltr'><strong>corpore</strong></span> <span class='ocrx_word' id='word_1_113' title='bbox 2582 1234 2667 1297; x_wconf 85' lang='lat' dir='ltr'><strong>ad-</strong></span> 
     </span>
     <span class='ocr_line' id='line_1_15' title="bbox 249 1323 2671 1411; baseline -0.001 -22"><span class='ocrx_word' id='word_1_114' title='bbox 249 1343 312 1390; x_wconf 83' lang='lat'><strong>15</strong></span> <span class='ocrx_word' id='word_1_115' title='bbox 351 1350 611 1393; x_wconf 89' lang='lat' dir='ltr'><strong>versum</strong></span> <span class='ocrx_word' id='word_1_116' title='bbox 656 1328 788 1391; x_wconf 93' lang='lat' dir='ltr'><strong>vim</strong></span> <span class='ocrx_word' id='word_1_117' title='bbox 834 1326 1082 1392; x_wconf 87' lang='lat' dir='ltr'><strong>veneni.</strong></span> <span class='ocrx_word' id='word_1_118' title='bbox 1154 1328 1486 1411; x_wconf 90' lang='lat' dir='ltr'><strong>postremo</strong></span> <span class='ocrx_word' id='word_1_119' title='bbox 1536 1328 1842 1409; x_wconf 84' lang='lat' dir='ltr'><strong>stagnum</strong></span> <span class='ocrx_word' id='word_1_120' title='bbox 1890 1324 2135 1389; x_wconf 88' lang='lat' dir='ltr'><strong>calidae</strong></span> <span class='ocrx_word' id='word_1_121' title='bbox 2184 1346 2394 1409; x_wconf 89' lang='lat' dir='ltr'><strong>aquae</strong></span> <span class='ocrx_word' id='word_1_122' title='bbox 2440 1323 2671 1405; x_wconf 87' lang='lat' dir='ltr'><strong>introiit,</strong></span> 
     </span>
     <span class='ocr_line' id='line_1_16' title="bbox 351 1413 2670 1501; baseline -0.002 -20"><span class='ocrx_word' id='word_1_123' title='bbox 351 1437 736 1501; x_wconf 84' lang='lat' dir='ltr'><strong>respergens</strong></span> <span class='ocrx_word' id='word_1_124' title='bbox 782 1416 1110 1499; x_wconf 84' lang='lat' dir='ltr'><strong>proximos</strong></span> <span class='ocrx_word' id='word_1_125' title='bbox 1157 1436 1493 1480; x_wconf 91' lang='lat' dir='ltr'><strong>servorum</strong></span> <span class='ocrx_word' id='word_1_126' title='bbox 1542 1413 1763 1478; x_wconf 89' lang='lat' dir='ltr'><strong>addita</strong></span> <span class='ocrx_word' id='word_1_127' title='bbox 1807 1435 1983 1497; x_wconf 89' lang='lat' dir='ltr'><strong>voce,</strong></span> <span class='ocrx_word' id='word_1_128' title='bbox 2028 1413 2235 1478; x_wconf 89' lang='lat' dir='ltr'><strong>libare</strong></span> <span class='ocrx_word' id='word_1_129' title='bbox 2273 1435 2346 1478; x_wconf 90' lang='lat' dir='ltr'><strong>se</strong></span> <span class='ocrx_word' id='word_1_130' title='bbox 2394 1414 2670 1497; x_wconf 87' lang='lat' dir='ltr'><strong>liquorem</strong></span> 
     </span>
     <span class='ocr_line' id='line_1_17' title="bbox 352 1501 2670 1586; baseline -0.001 -18"><span class='ocrx_word' id='word_1_131' title='bbox 352 1505 542 1569; x_wconf 95' lang='lat' dir='ltr'><strong>illum</strong></span> <span class='ocrx_word' id='word_1_132' title='bbox 578 1504 721 1569; x_wconf 89' lang='lat' dir='ltr'><strong>Iovi</strong></span> <span class='ocrx_word' id='word_1_133' title='bbox 758 1504 1114 1571; x_wconf 91' lang='lat' dir='ltr'><strong>liberatori.</strong></span> <span class='ocrx_word' id='word_1_134' title='bbox 1179 1504 1330 1569; x_wconf 87' lang='lat' dir='ltr'><strong>exin</strong></span> <span class='ocrx_word' id='word_1_135' title='bbox 1367 1504 1605 1568; x_wconf 90' lang='lat' dir='ltr'><strong>balneo</strong></span> <span class='ocrx_word' id='word_1_136' title='bbox 1643 1502 1887 1568; x_wconf 86' lang='lat' dir='ltr'><strong>inlatus</strong></span> <span class='ocrx_word' id='word_1_137' title='bbox 1927 1505 1998 1566; x_wconf 93' lang='lat' dir='ltr'><strong>et</strong></span> <span class='ocrx_word' id='word_1_138' title='bbox 2032 1524 2272 1586; x_wconf 87' lang='lat' dir='ltr'><strong>vapore</strong></span> <span class='ocrx_word' id='word_1_139' title='bbox 2312 1502 2455 1568; x_wconf 89' lang='lat' dir='ltr'><strong>eius</strong></span> <span class='ocrx_word' id='word_1_140' title='bbox 2491 1501 2670 1566; x_wconf 83' lang='lat' dir='ltr'><strong>exani·</strong></span> 
     </span>
     <span class='ocr_line' id='line_1_18' title="bbox 351 1591 2670 1678; baseline -0.001 -21"><span class='ocrx_word' id='word_1_141' title='bbox 351 1598 585 1678; x_wconf 77' lang='lat' dir='ltr'><strong>matuS,</strong></span> <span class='ocrx_word' id='word_1_142' title='bbox 633 1594 773 1659; x_wconf 91' lang='lat' dir='ltr'><strong>sine</strong></span> <span class='ocrx_word' id='word_1_143' title='bbox 819 1594 954 1659; x_wconf 89' lang='lat' dir='ltr'><strong>ullo</strong></span> <span class='ocrx_word' id='word_1_144' title='bbox 1000 1593 1247 1667; x_wconf 87' lang='lat' dir='ltr'><strong>funeris</strong></span> <span class='ocrx_word' id='word_1_145' title='bbox 1288 1591 1591 1657; x_wconf 89' lang='lat' dir='ltr'><strong>sollemni</strong></span> <span class='ocrx_word' id='word_1_146' title='bbox 1629 1594 1967 1656; x_wconf 90' lang='lat' dir='ltr'><strong>crematur.</strong></span> <span class='ocrx_word' id='word_1_147' title='bbox 2031 1591 2126 1656; x_wconf 90' lang='lat' dir='ltr'><strong>ita</strong></span> <span class='ocrx_word' id='word_1_148' title='bbox 2162 1591 2481 1657; x_wconf 85' lang='lat' dir='ltr'><strong>codicillis</strong></span> <span class='ocrx_word' id='word_1_149' title='bbox 2523 1611 2670 1675; x_wconf 88' lang='lat' dir='ltr'><strong>prae·</strong></span> 
     </span>
     <span class='ocr_line' id='line_1_19' title="bbox 353 1678 2672 1767; baseline -0.003 -19"><span class='ocrx_word' id='word_1_150' title='bbox 353 1684 724 1767; x_wconf 85' lang='lat' dir='ltr'><strong>scripserat,</strong></span> <span class='ocrx_word' id='word_1_151' title='bbox 780 1705 926 1748; x_wconf 89' lang='lat' dir='ltr'><strong>cum</strong></span> <span class='ocrx_word' id='word_1_152' title='bbox 986 1682 1179 1747; x_wconf 88' lang='lat' dir='ltr'><strong>etiam</strong></span> <span class='ocrx_word' id='word_1_153' title='bbox 1235 1685 1375 1746; x_wconf 92' lang='lat' dir='ltr'><strong>tum</strong></span> <span class='ocrx_word' id='word_1_154' title='bbox 1432 1681 1769 1765; x_wconf 87' lang='lat' dir='ltr'><strong>praedives</strong></span> <span class='ocrx_word' id='word_1_155' title='bbox 1826 1684 1892 1745; x_wconf 89' lang='lat' dir='ltr'><strong>et</strong></span> <span class='ocrx_word' id='word_1_156' title='bbox 1945 1683 2339 1765; x_wconf 89' lang='lat' dir='ltr'><strong>praepotens</strong></span> <span class='ocrx_word' id='word_1_157' title='bbox 2399 1678 2672 1765; x_wconf 85' lang='lat' dir='ltr'><strong>supremis</strong></span> 
     </span>
     <span class='ocr_line' id='line_1_20' title="bbox 244 1773 1028 1836; baseline 0.004 -3"><span class='ocrx_word' id='word_1_158' title='bbox 244 1788 315 1834; x_wconf 78' lang='lat'><strong>20</strong></span> <span class='ocrx_word' id='word_1_159' title='bbox 354 1773 485 1836; x_wconf 91' lang='lat' dir='ltr'><strong>suis</strong></span> <span class='ocrx_word' id='word_1_160' title='bbox 534 1773 911 1836; x_wconf 91' lang='lat' dir='ltr'><strong>consuleret.</strong></span> <span class='ocrx_word' id='word_1_161' title='bbox 1022 1824 1028 1829; x_wconf 94' lang='lat'><strong>.</strong></span> 
     </span>
    </p>
   </div>
   <div class='ocr_carea' id='block_1_6' title="bbox 137 1857 2673 1958">
    <p class='ocr_par' dir='ltr' id='par_1_6' title="bbox 137 1857 2673 1958">
     <span class='ocr_line' id='line_1_21' title="bbox 137 1857 2673 1958; baseline -0.002 -35"><span class='ocrx_word' id='word_1_162' title='bbox 137 1949 144 1958; x_wconf 24' lang='grc' dir='ltr'>ι</span> <span class='ocrx_word' id='word_1_163' title='bbox 246 1859 330 1923; x_wconf 82' lang='lat'><strong>65</strong></span> <span class='ocrx_word' id='word_1_164' title='bbox 529 1859 734 1925; x_wconf 88' lang='lat' dir='ltr'><strong>Fama</strong></span> <span class='ocrx_word' id='word_1_165' title='bbox 767 1860 896 1925; x_wconf 87' lang='lat' dir='ltr'><strong>fuit</strong></span> <span class='ocrx_word' id='word_1_166' title='bbox 924 1857 1227 1924; x_wconf 81' lang='lat' dir='ltr'><strong>Subrium</strong></span> <span class='ocrx_word' id='word_1_167' title='bbox 1254 1859 1526 1924; x_wconf 88' lang='lat' dir='ltr'><strong>Flavum</strong></span> <span class='ocrx_word' id='word_1_168' title='bbox 1565 1880 1710 1922; x_wconf 92' lang='lat' dir='ltr'><strong>cum</strong></span> <span class='ocrx_word' id='word_1_169' title='bbox 1748 1859 2236 1924; x_wconf 89' lang='lat' dir='ltr'><strong>centurionibus</strong></span> <span class='ocrx_word' id='word_1_170' title='bbox 2267 1859 2522 1925; x_wconf 89' lang='lat' dir='ltr'><strong>occulto</strong></span> <span class='ocrx_word' id='word_1_171' title='bbox 2558 1878 2673 1921; x_wconf 87' lang='lat' dir='ltr'><strong>con-</strong></span> 
     </span>
    </p>
   </div>
   <div class='ocr_carea' id='block_1_7' title="bbox 283 1946 2674 2548">
    <p class='ocr_par' dir='ltr' id='par_1_7' title="bbox 354 1946 2672 2211">
     <span class='ocr_line' id='line_1_22' title="bbox 354 1946 2672 2035; baseline -0.001 -23"><span class='ocrx_word' id='word_1_172' title='bbox 354 1948 520 2033; x_wconf 88' lang='lat' dir='ltr'><strong>silio,</strong></span> <span class='ocrx_word' id='word_1_173' title='bbox 565 1971 772 2035; x_wconf 90' lang='lat' dir='ltr'><strong>neque</strong></span> <span class='ocrx_word' id='word_1_174' title='bbox 817 1953 1037 2014; x_wconf 89' lang='lat' dir='ltr'><strong>tamen</strong></span> <span class='ocrx_word' id='word_1_175' title='bbox 1082 1950 1426 2035; x_wconf 87' lang='lat' dir='ltr'><strong>ignorante</strong></span> <span class='ocrx_word' id='word_1_176' title='bbox 1473 1946 1738 2031; x_wconf 89' lang='lat' dir='ltr'><strong>Seneca,</strong></span> <span class='ocrx_word' id='word_1_177' title='bbox 1786 1946 2239 2031; x_wconf 87' lang='lat' dir='ltr'><strong>destinavisse,</strong></span> <span class='ocrx_word' id='word_1_178' title='bbox 2286 1951 2367 2013; x_wconf 91' lang='lat' dir='ltr'><strong>ut</strong></span> <span class='ocrx_word' id='word_1_179' title='bbox 2415 1949 2560 2032; x_wconf 90' lang='lat' dir='ltr'><strong>post</strong></span> <span class='ocrx_word' id='word_1_180' title='bbox 2596 1966 2672 2010; x_wconf 84' lang='lat' dir='ltr'><strong>oc-</strong></span> 
     </span>
     <span class='ocr_line' id='line_1_23' title="bbox 354 2035 2672 2122; baseline -0.002 -21"><span class='ocrx_word' id='word_1_181' title='bbox 354 2037 556 2102; x_wconf 89' lang='lat' dir='ltr'><strong>cisum</strong></span> <span class='ocrx_word' id='word_1_182' title='bbox 604 2060 800 2122; x_wconf 89' lang='lat' dir='ltr'><strong>opera</strong></span> <span class='ocrx_word' id='word_1_183' title='bbox 853 2038 1109 2103; x_wconf 89' lang='lat' dir='ltr'><strong>Pisonis</strong></span> <span class='ocrx_word' id='word_1_184' title='bbox 1164 2036 1495 2103; x_wconf 88' lang='lat' dir='ltr'><strong>Neronem</strong></span> <span class='ocrx_word' id='word_1_185' title='bbox 1540 2036 1690 2101; x_wconf 90' lang='lat' dir='ltr'><strong>Piso</strong></span> <span class='ocrx_word' id='word_1_186' title='bbox 1749 2057 2005 2121; x_wconf 89' lang='lat' dir='ltr'><strong>quoque</strong></span> <span class='ocrx_word' id='word_1_187' title='bbox 2060 2035 2531 2101; x_wconf 89' lang='lat' dir='ltr'><strong>interficeretur</strong></span> <span class='ocrx_word' id='word_1_188' title='bbox 2576 2038 2672 2097; x_wconf 77' lang='lat' dir='ltr'><strong>tra-</strong></span> 
     </span>
     <span class='ocr_line' id='line_1_24' title="bbox 354 2123 2672 2211; baseline -0.002 -21"><span class='ocrx_word' id='word_1_189' title='bbox 354 2126 738 2211; x_wconf 85' lang='lat' dir='ltr'><strong>dereturque</strong></span> <span class='ocrx_word' id='word_1_190' title='bbox 809 2126 1155 2210; x_wconf 90' lang='lat' dir='ltr'><strong>imperium</strong></span> <span class='ocrx_word' id='word_1_191' title='bbox 1230 2124 1536 2208; x_wconf 88' lang='lat' dir='ltr'><strong>Senecae,</strong></span> <span class='ocrx_word' id='word_1_192' title='bbox 1611 2126 1797 2210; x_wconf 87' lang='lat' dir='ltr'><strong>quasi</strong></span> <span class='ocrx_word' id='word_1_193' title='bbox 1869 2124 2117 2190; x_wconf 90' lang='lat' dir='ltr'><strong>insonti</strong></span> <span class='ocrx_word' id='word_1_194' title='bbox 2190 2128 2256 2190; x_wconf 90' lang='lat' dir='ltr'><strong>et</strong></span> <span class='ocrx_word' id='word_1_195' title='bbox 2335 2123 2672 2191; x_wconf 84' lang='lat' dir='ltr'><strong>claritudine</strong></span> 
     </span>
    </p>

    <p class='ocr_par' dir='ltr' id='par_1_8' title="bbox 283 2211 2674 2548">
     <span class='ocr_line' id='line_1_25' title="bbox 283 2211 2673 2299; baseline -0.001 -21"><span class='ocrx_word' id='word_1_196' title='bbox 283 2230 314 2278; x_wconf 88' lang='lat'>5</span> <span class='ocrx_word' id='word_1_197' title='bbox 352 2215 668 2280; x_wconf 86' lang='lat' dir='ltr'><strong>virtutum</strong></span> <span class='ocrx_word' id='word_1_198' title='bbox 716 2215 795 2279; x_wconf 90' lang='lat' dir='ltr'><strong>ad</strong></span> <span class='ocrx_word' id='word_1_199' title='bbox 845 2237 1172 2279; x_wconf 90' lang='lat' dir='ltr'><strong>summum</strong></span> <span class='ocrx_word' id='word_1_200' title='bbox 1226 2214 1563 2299; x_wconf 88' lang='lat' dir='ltr'><strong>fastigium</strong></span> <span class='ocrx_word' id='word_1_201' title='bbox 1622 2214 1886 2280; x_wconf 87' lang='lat' dir='ltr'><strong>delecto.</strong></span> <span class='ocrx_word' id='word_1_202' title='bbox 1963 2214 2119 2298; x_wconf 89' lang='lat' dir='ltr'><strong>quin</strong></span> <span class='ocrx_word' id='word_1_203' title='bbox 2175 2218 2242 2278; x_wconf 92' lang='lat' dir='ltr'><strong>et</strong></span> <span class='ocrx_word' id='word_1_204' title='bbox 2285 2216 2490 2280; x_wconf 89' lang='lat' dir='ltr'><strong>verba</strong></span> <span class='ocrx_word' id='word_1_205' title='bbox 2530 2211 2673 2277; x_wconf 85' lang='lat' dir='ltr'><strong>Flavi</strong></span> 
     </span>
     <span class='ocr_line' id='line_1_26' title="bbox 354 2302 2674 2390; baseline -0.002 -20"><span class='ocrx_word' id='word_1_206' title='bbox 354 2304 818 2390; x_wconf 88' lang='lat' dir='ltr'><strong>vulgabantur,</strong></span> <span class='ocrx_word' id='word_1_207' title='bbox 873 2327 1009 2370; x_wconf 91' lang='lat' dir='ltr'><strong>non</strong></span> <span class='ocrx_word' id='word_1_208' title='bbox 1055 2303 1289 2368; x_wconf 87' lang='lat' dir='ltr'><strong>referre</strong></span> <span class='ocrx_word' id='word_1_209' title='bbox 1337 2303 1662 2384; x_wconf 89' lang='lat' dir='ltr'><strong>dedecori,</strong></span> <span class='ocrx_word' id='word_1_210' title='bbox 1707 2303 1763 2368; x_wconf 88' lang='lat' dir='ltr'><strong>si</strong></span> <span class='ocrx_word' id='word_1_211' title='bbox 1810 2302 2217 2371; x_wconf 87' lang='lat' dir='ltr'><strong>citharoedus</strong></span> <span class='ocrx_word' id='word_1_212' title='bbox 2266 2303 2674 2370; x_wconf 85' lang='lat' dir='ltr'><strong>demoveretur</strong></span> 
     </span>
     <span class='ocr_line' id='line_1_27' title="bbox 356 2390 2673 2479; baseline -0.002 -21"><span class='ocrx_word' id='word_1_213' title='bbox 356 2398 422 2458; x_wconf 91' lang='lat' dir='ltr'><strong>et</strong></span> <span class='ocrx_word' id='word_1_214' title='bbox 469 2394 814 2479; x_wconf 87' lang='lat' dir='ltr'><strong>tragoedus</strong></span> <span class='ocrx_word' id='word_1_215' title='bbox 854 2393 1240 2476; x_wconf 88' lang='lat' dir='ltr'><strong>succederet,</strong></span> <span class='ocrx_word' id='word_1_216' title='bbox 1286 2393 1437 2477; x_wconf 90' lang='lat' dir='ltr'><strong>quia</strong></span> <span class='ocrx_word' id='word_1_217' title='bbox 1484 2396 1558 2457; x_wconf 88' lang='lat' dir='ltr'><strong>ut</strong></span> <span class='ocrx_word' id='word_1_218' title='bbox 1592 2390 1769 2457; x_wconf 87' lang='lat' dir='ltr'><strong>Nero</strong></span> <span class='ocrx_word' id='word_1_219' title='bbox 1816 2392 2090 2477; x_wconf 76' lang='lat' dir='ltr'><strong>cithara,</strong></span> <span class='ocrx_word' id='word_1_220' title='bbox 2130 2393 2225 2458; x_wconf 90' lang='lat' dir='ltr'><strong>ita</strong></span> <span class='ocrx_word' id='word_1_221' title='bbox 2261 2392 2422 2460; x_wconf 89' lang='lat' dir='ltr'><strong>Piso</strong></span> <span class='ocrx_word' id='word_1_222' title='bbox 2468 2391 2673 2477; x_wconf 83' lang='lat' dir='ltr'><strong>tragico</strong></span> 
     </span>
     <span class='ocr_line' id='line_1_28' title="bbox 356 2484 931 2548; baseline 0 -1"><span class='ocrx_word' id='word_1_223' title='bbox 356 2487 593 2548; x_wconf 85' lang='lat' dir='ltr'><strong>ornatu</strong></span> <span class='ocrx_word' id='word_1_224' title='bbox 641 2484 931 2547; x_wconf 89' lang='lat' dir='ltr'><strong>canebat.</strong></span> 
     </span>
    </p>
   </div>
   <div class='ocr_carea' id='block_1_8' title="bbox 256 2568 2676 2746">
    <p class='ocr_par' dir='ltr' id='par_1_9' title="bbox 256 2568 2676 2746">
     <span class='ocr_line' id='line_1_29' title="bbox 256 2568 2675 2655; baseline -0.001 -19"><span class='ocrx_word' id='word_1_225' title='bbox 256 2571 340 2636; x_wconf 87' lang='grc'><strong>66</strong></span> <span class='ocrx_word' id='word_1_226' title='bbox 540 2570 842 2637; x_wconf 85' lang='lat' dir='ltr'><strong>Ceterum</strong></span> <span class='ocrx_word' id='word_1_227' title='bbox 901 2570 1202 2635; x_wconf 87' lang='lat' dir='ltr'><strong>militaris</strong></span> <span class='ocrx_word' id='word_1_228' title='bbox 1271 2591 1526 2655; x_wconf 89' lang='lat' dir='ltr'><strong>quoque</strong></span> <span class='ocrx_word' id='word_1_229' title='bbox 1582 2571 1979 2654; x_wconf 87' lang='lat' dir='ltr'><strong>conspiratio</strong></span> <span class='ocrx_word' id='word_1_230' title='bbox 2032 2593 2166 2636; x_wconf 89' lang='lat' dir='ltr'><strong>non</strong></span> <span class='ocrx_word' id='word_1_231' title='bbox 2231 2571 2410 2638; x_wconf 90' lang='lat' dir='ltr'><strong>ultra</strong></span> <span class='ocrx_word' id='word_1_232' title='bbox 2475 2568 2675 2649; x_wconf 73' lang='lat' dir='ltr'><strong>fefellit,</strong></span> 
     </span>
     <span class='ocr_line' id='line_1_30' title="bbox 360 2658 2676 2746; baseline -0.002 -21"><span class='ocrx_word' id='word_1_233' title='bbox 360 2663 645 2726; x_wconf 88' lang='lat' dir='ltr'><strong>accensis</strong></span> <span class='ocrx_word' id='word_1_234' title='bbox 693 2661 1012 2725; x_wconf 90' lang='lat' dir='ltr'><strong>indicibus</strong></span> <span class='ocrx_word' id='word_1_235' title='bbox 1061 2660 1142 2724; x_wconf 90' lang='lat' dir='ltr'><strong>ad</strong></span> <span class='ocrx_word' id='word_1_236' title='bbox 1188 2659 1590 2744; x_wconf 90' lang='lat' dir='ltr'><strong>prodendum</strong></span> <span class='ocrx_word' id='word_1_237' title='bbox 1639 2658 1956 2724; x_wconf 85' lang='lat' dir='ltr'><strong>Faenium</strong></span> <span class='ocrx_word' id='word_1_238' title='bbox 1999 2659 2271 2744; x_wconf 85' lang='lat' dir='ltr'><strong>Rufum,</strong></span> <span class='ocrx_word' id='word_1_239' title='bbox 2331 2683 2522 2746; x_wconf 87' lang='lat' dir='ltr'><strong>quem</strong></span> <span class='ocrx_word' id='word_1_240' title='bbox 2562 2678 2676 2722; x_wconf 87' lang='lat' dir='ltr'><strong>eun·</strong></span> 
     </span>
    </p>
   </div>
   <div class='ocr_carea' id='block_1_9' title="bbox 361 2831 2685 4246">
    <p class='ocr_par' dir='ltr' id='par_1_10' title="bbox 361 2831 2676 2976">
     <span class='ocr_line' id='line_1_31' title="bbox 432 2831 2676 2906; baseline -0.001 -17"><span class='ocrx_word' id='word_1_241' title='bbox 432 2835 527 2890; x_wconf 80' lang='grc'><strong>64.</strong></span> <span class='ocrx_word' id='word_1_242' title='bbox 560 2843 609 2891; x_wconf 87' lang='grc'><strong>3.</strong></span> <span class='ocrx_word' id='word_1_243' title='bbox 631 2840 892 2904; x_wconf 78' lang='lat' dir='ltr'><strong>premunt</strong></span> <span class='ocrx_word' id='word_1_244' title='bbox 920 2836 1487 2906; x_wconf 67' lang='lat' dir='ltr'><strong>„drangenzur1’ick“,</strong></span> <span class='ocrx_word' id='word_1_245' title='bbox 1596 2834 1729 2890; x_wconf 85' lang='lat' dir='ltr'><strong>dial.</strong></span> <span class='ocrx_word' id='word_1_246' title='bbox 1777 2842 1864 2890; x_wconf 90' lang='grc'><strong>30.</strong></span> <span class='ocrx_word' id='word_1_247' title='bbox 1912 2840 1999 2891; x_wconf 80' lang='grc'><strong>35.</strong></span> <span class='ocrx_word' id='word_1_248' title='bbox 2065 2834 2247 2890; x_wconf 82' lang='lat' dir='ltr'><strong>Germ.</strong></span> <span class='ocrx_word' id='word_1_249' title='bbox 2297 2841 2389 2892; x_wconf 83' lang='lat'><strong>34.</strong></span> <span class='ocrx_word' id='word_1_250' title='bbox 2436 2840 2519 2890; x_wconf 78' lang='lat'><strong>45.</strong></span> <span class='ocrx_word' id='word_1_251' title='bbox 2576 2831 2676 2886; x_wconf 69' lang='lat' dir='ltr'><strong>hist.</strong></span> 
     </span>
     <span class='ocr_line' id='line_1_32' title="bbox 361 2908 1770 2976; baseline -0.001 -15"><span class='ocrx_word' id='word_1_252' title='bbox 361 2908 504 2962; x_wconf 86' lang='lat' dir='ltr'><strong>statt</strong></span> <span class='ocrx_word' id='word_1_253' title='bbox 536 2908 859 2976; x_wconf 69' lang='lat' dir='ltr'><strong>reprimam.</strong></span> <span class='ocrx_word' id='word_1_254' title='bbox 1600 2913 1647 2974; x_wconf 90' lang='lat'><strong>1,</strong></span> <span class='ocrx_word' id='word_1_255' title='bbox 1686 2912 1770 2961; x_wconf 84' lang='lat'><strong>33.</strong></span> 
     </span>
    </p>

    <p class='ocr_par' dir='ltr' id='par_1_11' title="bbox 362 2971 2681 3259">
     <span class='ocr_line' id='line_1_33' title="bbox 433 2971 2678 3049; baseline -0.002 -17"><span class='ocrx_word' id='word_1_256' title='bbox 433 2986 507 3037; x_wconf 83' lang='grc'><strong>9.,</strong></span> <span class='ocrx_word' id='word_1_257' title='bbox 541 2976 656 3032; x_wconf 88' lang='lat' dir='ltr'><strong>Der</strong></span> <span class='ocrx_word' id='word_1_258' title='bbox 710 2978 883 3033; x_wconf 87' lang='lat' dir='ltr'><strong>Dativ</strong></span> <span class='ocrx_word' id='word_1_259' title='bbox 937 2980 1174 3034; x_wconf 73' lang='lat' dir='ltr'><strong>ostentui</strong></span> <span class='ocrx_word' id='word_1_260' title='bbox 1228 2978 1306 3033; x_wconf 87' lang='lat' dir='ltr'><strong>ist</strong></span> <span class='ocrx_word' id='word_1_261' title='bbox 1364 2978 1490 3033; x_wconf 86' lang='lat' dir='ltr'><strong>hier</strong></span> <span class='ocrx_word' id='word_1_262' title='bbox 1671 2983 1754 3031; x_wconf 85' lang='lat'><strong>15.</strong></span> <span class='ocrx_word' id='word_1_263' title='bbox 1792 2983 2050 3049; x_wconf 62' lang='lat' dir='ltr'><strong>stagnum</strong></span> <span class='ocrx_word' id='word_1_264' title='bbox 2085 2977 2163 3032; x_wconf 87' lang='lat' dir='ltr'><strong>ist</strong></span> <span class='ocrx_word' id='word_1_265' title='bbox 2208 2977 2335 3032; x_wconf 88' lang='lat' dir='ltr'><strong>hier</strong></span> <span class='ocrx_word' id='word_1_266' title='bbox 2375 2977 2498 3031; x_wconf 89' lang='lat' dir='ltr'><strong>eine</strong></span> <span class='ocrx_word' id='word_1_267' title='bbox 2532 2971 2678 3044; x_wconf 78' lang='lat' dir='ltr'><strong>grosse</strong></span> 
     </span>
     <span class='ocr_line' id='line_1_34' title="bbox 363 3043 2678 3119; baseline -0.002 -16"><span class='ocrx_word' id='word_1_268' title='bbox 363 3048 563 3103; x_wconf 78' lang='lat' dir='ltr'><strong>andere</strong></span> <span class='ocrx_word' id='word_1_269' title='bbox 613 3049 923 3119; x_wconf 85' lang='lat' dir='ltr'><strong>gebraucht</strong></span> <span class='ocrx_word' id='word_1_270' title='bbox 968 3050 1053 3104; x_wconf 89' lang='lat' dir='ltr'><strong>als</strong></span> <span class='ocrx_word' id='word_1_271' title='bbox 1091 3051 1268 3119; x_wconf 77' lang='lat' dir='ltr'><strong>sonet,</strong></span> <span class='ocrx_word' id='word_1_272' title='bbox 1317 3050 1391 3104; x_wconf 86' lang='lat' dir='ltr'><strong>da</strong></span> <span class='ocrx_word' id='word_1_273' title='bbox 1428 3067 1489 3104; x_wconf 91' lang='lat' dir='ltr'><strong>er</strong></span> <span class='ocrx_word' id='word_1_274' title='bbox 1594 3048 1952 3103; x_wconf 86' lang='lat' dir='ltr'><strong>Badewanne</strong></span> <span class='ocrx_word' id='word_1_275' title='bbox 1980 3049 2116 3104; x_wconf 88' lang='lat' dir='ltr'><strong>oder</strong></span> <span class='ocrx_word' id='word_1_276' title='bbox 2142 3047 2235 3102; x_wconf 89' lang='lat' dir='ltr'><strong>ein</strong></span> <span class='ocrx_word' id='word_1_277' title='bbox 2262 3048 2478 3102; x_wconf 85' lang='lat' dir='ltr'><strong>kleines</strong></span> <span class='ocrx_word' id='word_1_278' title='bbox 2504 3043 2678 3108; x_wconf 74' lang='lat' dir='ltr'><strong>Bassin,</strong></span> 
     </span>
     <span class='ocr_line' id='line_1_35' title="bbox 362 3117 2681 3190; baseline 0 -18"><span class='ocrx_word' id='word_1_279' title='bbox 362 3118 529 3174; x_wconf 88' lang='lat' dir='ltr'><strong>keine</strong></span> <span class='ocrx_word' id='word_1_280' title='bbox 566 3117 807 3174; x_wconf 85' lang='lat' dir='ltr'><strong>Absicht</strong></span> <span class='ocrx_word' id='word_1_281' title='bbox 850 3120 1001 3175; x_wconf 89' lang='lat' dir='ltr'><strong>beim</strong></span> <span class='ocrx_word' id='word_1_282' title='bbox 1039 3120 1244 3189; x_wconf 85' lang='lat' dir='ltr'><strong>Zeigen</strong></span> <span class='ocrx_word' id='word_1_283' title='bbox 1280 3121 1488 3175; x_wconf 88' lang='lat' dir='ltr'><strong>andeu—</strong></span> <span class='ocrx_word' id='word_1_284' title='bbox 1596 3120 1702 3174; x_wconf 86' lang='lat' dir='ltr'><strong>wie</strong></span> <span class='ocrx_word' id='word_1_285' title='bbox 1734 3119 1861 3174; x_wconf 87' lang='lat' dir='ltr'><strong>Sen.</strong></span> <span class='ocrx_word' id='word_1_286' title='bbox 1892 3137 1980 3190; x_wconf 90' lang='lat' dir='ltr'><strong>ep.</strong></span> <span class='ocrx_word' id='word_1_287' title='bbox 2013 3126 2131 3188; x_wconf 82' lang='lat'><strong>122,</strong></span> <span class='ocrx_word' id='word_1_288' title='bbox 2162 3126 2194 3174; x_wconf 87' lang='grc'>9</span> <span class='ocrx_word' id='word_1_289' title='bbox 2233 3121 2474 3174; x_wconf 73' lang='lat' dir='ltr'><strong>calentia</strong></span> <span class='ocrx_word' id='word_1_290' title='bbox 2505 3123 2681 3188; x_wconf 71' lang='lat' dir='ltr'><strong>staqna.</strong></span> 
     </span>
     <span class='ocr_line' id='line_1_36' title="bbox 363 3188 2681 3259; baseline -0.002 -14"><span class='ocrx_word' id='word_1_291' title='bbox 363 3191 463 3245; x_wconf 90' lang='lat' dir='ltr'><strong>tet.</strong></span> <span class='ocrx_word' id='word_1_292' title='bbox 495 3189 622 3258; x_wconf 84' lang='lat' dir='ltr'><strong>Vgl.</strong></span> <span class='ocrx_word' id='word_1_293' title='bbox 641 3189 897 3259; x_wconf 84' lang='lat' dir='ltr'><strong>dagegen</strong></span> <span class='ocrx_word' id='word_1_294' title='bbox 913 3208 983 3244; x_wconf 85' lang='lat' dir='ltr'><strong>zu</strong></span> <span class='ocrx_word' id='word_1_295' title='bbox 997 3190 1189 3259; x_wconf 82' lang='lat' dir='ltr'><strong>Kp.29</strong></span> <span class='ocrx_word' id='word_1_296' title='bbox 1204 3208 1296 3245; x_wconf 88' lang='lat' dir='ltr'><strong>am</strong></span> <span class='ocrx_word' id='word_1_297' title='bbox 1313 3192 1488 3246; x_wconf 87' lang='lat' dir='ltr'><strong>Ende.</strong></span> <span class='ocrx_word' id='word_1_298' title='bbox 1672 3196 1756 3245; x_wconf 78' lang='grc'><strong>17.</strong></span> <span class='ocrx_word' id='word_1_299' title='bbox 1794 3191 1922 3246; x_wconf 81' lang='lat' dir='ltr'><strong>Iovi</strong></span> <span class='ocrx_word' id='word_1_300' title='bbox 1949 3192 2247 3247; x_wconf 77' lang='lat' dir='ltr'><strong>liberatori.</strong></span> <span class='ocrx_word' id='word_1_301' title='bbox 2299 3189 2518 3245; x_wconf 88' lang='lat' dir='ltr'><strong>Anders</strong></span> <span class='ocrx_word' id='word_1_302' title='bbox 2544 3188 2681 3242; x_wconf 75' lang='lat' dir='ltr'><strong>Thra·</strong></span> 
     </span>
    </p>

    <p class='ocr_par' dir='ltr' id='par_1_12' title="bbox 364 3261 2682 3547">
     <span class='ocr_line' id='line_1_37' title="bbox 438 3261 2682 3330; baseline -0.002 -16"><span class='ocrx_word' id='word_1_303' title='bbox 438 3266 521 3315; x_wconf 88' lang='grc'><strong>10.</strong></span> <span class='ocrx_word' id='word_1_304' title='bbox 560 3261 767 3315; x_wconf 77' lang='lat' dir='ltr'><strong>durare</strong></span> <span class='ocrx_word' id='word_1_305' title='bbox 818 3262 1102 3328; x_wconf 85' lang='lat' dir='ltr'><strong>„dauern“</strong></span> <span class='ocrx_word' id='word_1_306' title='bbox 1149 3263 1255 3316; x_wconf 83' lang='lat' dir='ltr'><strong>wie</strong></span> <span class='ocrx_word' id='word_1_307' title='bbox 1295 3268 1380 3329; x_wconf 84' lang='lat'><strong>14,</strong></span> <span class='ocrx_word' id='word_1_308' title='bbox 1419 3268 1489 3317; x_wconf 87' lang='grc'><strong>39</strong></span> <span class='ocrx_word' id='word_1_309' title='bbox 1600 3278 1720 3330; x_wconf 84' lang='lat' dir='ltr'><strong>sea,</strong></span> <span class='ocrx_word' id='word_1_310' title='bbox 1769 3263 1868 3317; x_wconf 86' lang='lat' dir='ltr'><strong>der</strong></span> <span class='ocrx_word' id='word_1_311' title='bbox 1912 3262 2020 3317; x_wconf 87' lang='lat' dir='ltr'><strong>mit</strong></span> <span class='ocrx_word' id='word_1_312' title='bbox 2066 3263 2173 3316; x_wconf 91' lang='lat' dir='ltr'><strong>den</strong></span> <span class='ocrx_word' id='word_1_313' title='bbox 2209 3263 2448 3317; x_wconf 90' lang='lat' dir='ltr'><strong>Worten</strong></span> <span class='ocrx_word' id='word_1_314' title='bbox 2491 3261 2682 3315; x_wconf 76' lang='lat' dir='ltr'><strong>libamus</strong></span> 
     </span>
     <span class='ocr_line' id='line_1_38' title="bbox 366 3331 2680 3404; baseline -0.002 -17"><span class='ocrx_word' id='word_1_315' title='bbox 366 3333 604 3387; x_wconf 76' lang='lat' dir='ltr'><strong>durante</strong></span> <span class='ocrx_word' id='word_1_316' title='bbox 640 3332 789 3386; x_wconf 82' lang='lat' dir='ltr'><strong>bello.</strong></span> <span class='ocrx_word' id='word_1_317' title='bbox 842 3363 910 3371; x_wconf 92' lang='lat'>—</span> <span class='ocrx_word' id='word_1_318' title='bbox 957 3338 1141 3387; x_wconf 75' lang='lat' dir='ltr'><strong>tractu</strong></span> <span class='ocrx_word' id='word_1_319' title='bbox 1185 3350 1314 3387; x_wconf 91' lang='lat' dir='ltr'><strong>vom</strong></span> <span class='ocrx_word' id='word_1_320' title='bbox 1352 3333 1490 3388; x_wconf 92' lang='lat' dir='ltr'><strong>Hin-</strong></span> <span class='ocrx_word' id='word_1_321' title='bbox 1599 3333 1726 3390; x_wconf 80' lang='lat' dir='ltr'><strong>Iovi</strong></span> <span class='ocrx_word' id='word_1_322' title='bbox 1756 3335 1851 3389; x_wconf 76' lang='lat' dir='ltr'><strong>lib.</strong></span> <span class='ocrx_word' id='word_1_323' title='bbox 1880 3333 1998 3388; x_wconf 87' lang='lat' dir='ltr'><strong>sein</strong></span> <span class='ocrx_word' id='word_1_324' title='bbox 2026 3334 2161 3388; x_wconf 90' lang='lat' dir='ltr'><strong>Blut</strong></span> <span class='ocrx_word' id='word_1_325' title='bbox 2185 3333 2503 3404; x_wconf 85' lang='lat' dir='ltr'><strong>verspritzt.</strong></span> <span class='ocrx_word' id='word_1_326' title='bbox 2534 3331 2680 3398; x_wconf 73' lang='grc' dir='ltr'><strong>16,ὃῦ-</strong></span> 
     </span>
     <span class='ocr_line' id='line_1_39' title="bbox 364 3402 1490 3474; baseline 0.002 -18"><span class='ocrx_word' id='word_1_327' title='bbox 364 3402 578 3469; x_wconf 75' lang='lat' dir='ltr'><strong>baltea,</strong></span> <span class='ocrx_word' id='word_1_328' title='bbox 613 3403 831 3472; x_wconf 72' lang='lat' dir='ltr'><strong>Zogern</strong></span> <span class='ocrx_word' id='word_1_329' title='bbox 857 3421 963 3457; x_wconf 89' lang='lat' dir='ltr'><strong>nur</strong></span> <span class='ocrx_word' id='word_1_330' title='bbox 990 3403 1112 3459; x_wconf 90' lang='lat' dir='ltr'><strong>hier</strong></span> <span class='ocrx_word' id='word_1_331' title='bbox 1137 3405 1252 3458; x_wconf 90' lang='lat' dir='ltr'><strong>und</strong></span> <span class='ocrx_word' id='word_1_332' title='bbox 1280 3404 1388 3474; x_wconf 78' lang='grc' dir='ltr'><strong>ΚΡ.</strong></span> <span class='ocrx_word' id='word_1_333' title='bbox 1423 3411 1490 3458; x_wconf 88' lang='grc'><strong>10</strong></span> 
     </span>
     <span class='ocr_line' id='line_1_40' title="bbox 368 3472 2682 3547; baseline -0.002 -19"><span class='ocrx_word' id='word_1_334' title='bbox 368 3474 518 3528; x_wconf 76' lang='lat' dir='ltr'><strong>eludi</strong></span> <span class='ocrx_word' id='word_1_335' title='bbox 564 3472 808 3528; x_wconf 78' lang='lat' dir='ltr'><strong>Parthas</strong></span> <span class='ocrx_word' id='word_1_336' title='bbox 862 3479 1046 3530; x_wconf 54' lang='lat' dir='ltr'><strong>tractu</strong></span> <span class='ocrx_word' id='word_1_337' title='bbox 1091 3477 1217 3531; x_wconf 80' lang='lat' dir='ltr'><strong>belli</strong></span> <span class='ocrx_word' id='word_1_338' title='bbox 1251 3481 1492 3547; x_wconf 76' lang='lat' dir='ltr'><strong>poterat.</strong></span> <span class='ocrx_word' id='word_1_339' title='bbox 1671 3475 1769 3531; x_wconf 77' lang='lat'><strong>65.</strong></span> <span class='ocrx_word' id='word_1_340' title='bbox 1817 3481 1870 3530; x_wconf 84' lang='lat'><strong>4.</strong></span> <span class='ocrx_word' id='word_1_341' title='bbox 1916 3477 2081 3544; x_wconf 76' lang='lat' dir='ltr'><strong>quasi</strong></span> <span class='ocrx_word' id='word_1_342' title='bbox 2123 3477 2335 3531; x_wconf 75' lang='lat' dir='ltr'><strong>insonti</strong></span> <span class='ocrx_word' id='word_1_343' title='bbox 2382 3475 2502 3545; x_wconf 87' lang='lat' dir='ltr'><strong>„als</strong></span> <span class='ocrx_word' id='word_1_344' title='bbox 2537 3472 2682 3527; x_wconf 86' lang='lat' dir='ltr'><strong>einem</strong></span> 
     </span>
    </p>

    <p class='ocr_par' dir='ltr' id='par_1_13' title="bbox 368 3540 2679 3744">
     <span class='ocr_line' id='line_1_41' title="bbox 443 3540 2679 3615; baseline -0.002 -17"><span class='ocrx_word' id='word_1_345' title='bbox 443 3550 526 3598; x_wconf 88' lang='lat'><strong>13.</strong></span> <span class='ocrx_word' id='word_1_346' title='bbox 548 3545 836 3612; x_wconf 73' lang='lat' dir='ltr'><strong>public-tom</strong></span> <span class='ocrx_word' id='word_1_347' title='bbox 862 3548 1134 3601; x_wconf 70' lang='lat' dir='ltr'><strong>iudicium</strong></span> <span class='ocrx_word' id='word_1_348' title='bbox 1156 3547 1492 3615; x_wconf 86' lang='lat' dir='ltr'><strong>„Kriminal-</strong></span> <span class='ocrx_word' id='word_1_349' title='bbox 1600 3546 2152 3615; x_wconf 87' lang='lat' dir='ltr'><strong>Unbescholtenen“,</strong></span> <span class='ocrx_word' id='word_1_350' title='bbox 2189 3565 2306 3602; x_wconf 86' lang='lat' dir='ltr'><strong>was</strong></span> <span class='ocrx_word' id='word_1_351' title='bbox 2345 3563 2407 3601; x_wconf 85' lang='lat' dir='ltr'><strong>er</strong></span> <span class='ocrx_word' id='word_1_352' title='bbox 2442 3545 2501 3600; x_wconf 91' lang='lat' dir='ltr'><strong>in</strong></span> <span class='ocrx_word' id='word_1_353' title='bbox 2532 3540 2679 3596; x_wconf 80' lang='lat' dir='ltr'><strong>Rfick·</strong></span> 
     </span>
     <span class='ocr_line' id='line_1_42' title="bbox 368 3610 2678 3685; baseline -0.001 -15"><span class='ocrx_word' id='word_1_354' title='bbox 368 3615 642 3685; x_wconf 86' lang='lat' dir='ltr'><strong>gericht“.</strong></span> <span class='ocrx_word' id='word_1_355' title='bbox 666 3647 733 3655; x_wconf 94' lang='lat'><strong>—</strong></span> <span class='ocrx_word' id='word_1_356' title='bbox 762 3617 875 3671; x_wconf 86' lang='lat' dir='ltr'><strong>Das</strong></span> <span class='ocrx_word' id='word_1_357' title='bbox 903 3617 1024 3672; x_wconf 81' lang='lat' dir='ltr'><strong>Gift</strong></span> <span class='ocrx_word' id='word_1_358' title='bbox 1050 3618 1126 3672; x_wconf 87' lang='lat' dir='ltr'><strong>ist</strong></span> <span class='ocrx_word' id='word_1_359' title='bbox 1154 3619 1245 3673; x_wconf 92' lang='lat' dir='ltr'><strong>ein</strong></span> <span class='ocrx_word' id='word_1_360' title='bbox 1264 3617 1493 3674; x_wconf 85' lang='lat' dir='ltr'><strong>Dekokt</strong></span> <span class='ocrx_word' id='word_1_361' title='bbox 1601 3617 1748 3671; x_wconf 87' lang='lat' dir='ltr'><strong>sicht</strong></span> <span class='ocrx_word' id='word_1_362' title='bbox 1782 3617 1882 3671; x_wconf 83' lang='lat' dir='ltr'><strong>auf</strong></span> <span class='ocrx_word' id='word_1_363' title='bbox 1917 3619 2036 3672; x_wconf 88' lang='lat' dir='ltr'><strong>sein</strong></span> <span class='ocrx_word' id='word_1_364' title='bbox 2063 3618 2426 3673; x_wconf 85' lang='lat' dir='ltr'><strong>Privatleben</strong></span> <span class='ocrx_word' id='word_1_365' title='bbox 2459 3610 2678 3672; x_wconf 80' lang='lat' dir='ltr'><strong>wirklich</strong></span> 
     </span>
     <span class='ocr_line' id='line_1_43' title="bbox 368 3687 1733 3744; baseline 0.002 -5"><span class='ocrx_word' id='word_1_366' title='bbox 368 3704 470 3740; x_wconf 88' lang='lat' dir='ltr'><strong>aus</strong></span> <span class='ocrx_word' id='word_1_367' title='bbox 517 3687 626 3740; x_wconf 88' lang='lat' dir='ltr'><strong>den</strong></span> <span class='ocrx_word' id='word_1_368' title='bbox 671 3687 878 3742; x_wconf 84' lang='lat' dir='ltr'><strong>Bh‘iten</strong></span> <span class='ocrx_word' id='word_1_369' title='bbox 927 3689 1043 3743; x_wconf 91' lang='lat' dir='ltr'><strong>und</strong></span> <span class='ocrx_word' id='word_1_370' title='bbox 1087 3689 1340 3744; x_wconf 72' lang='lat' dir='ltr'><strong>Blattern</strong></span> <span class='ocrx_word' id='word_1_371' title='bbox 1394 3690 1492 3744; x_wconf 88' lang='lat' dir='ltr'><strong>des</strong></span> <span class='ocrx_word' id='word_1_372' title='bbox 1600 3705 1733 3742; x_wconf 86' lang='lat' dir='ltr'><strong>war.</strong></span> 
     </span>
    </p>

    <p class='ocr_par' dir='ltr' id='par_1_14' title="bbox 367 3753 2685 3968">
     <span class='ocr_line' id='line_1_44' title="bbox 369 3753 2683 3830; baseline -0.003 -18"><span class='ocrx_word' id='word_1_373' title='bbox 369 3757 866 3828; x_wconf 83' lang='lat' dir='ltr'><strong>Landschierlings</strong></span> <span class='ocrx_word' id='word_1_374' title='bbox 931 3759 1186 3828; x_wconf 85' lang='lat' dir='ltr'><strong>(Conium</strong></span> <span class='ocrx_word' id='word_1_375' title='bbox 1250 3761 1493 3814; x_wconf 84' lang='lat' dir='ltr'><strong>macula·</strong></span> <span class='ocrx_word' id='word_1_376' title='bbox 1673 3767 1723 3814; x_wconf 87' lang='grc'><strong>6.</strong></span> <span class='ocrx_word' id='word_1_377' title='bbox 1762 3761 2023 3815; x_wconf 79' lang='lat' dir='ltr'><strong>dedecori.</strong></span> <span class='ocrx_word' id='word_1_378' title='bbox 2072 3759 2185 3816; x_wconf 90' lang='lat' dir='ltr'><strong>Der</strong></span> <span class='ocrx_word' id='word_1_379' title='bbox 2211 3760 2402 3830; x_wconf 88' lang='lat' dir='ltr'><strong>Dativ,</strong></span> <span class='ocrx_word' id='word_1_380' title='bbox 2441 3759 2541 3814; x_wconf 91' lang='lat' dir='ltr'><strong>den</strong></span> <span class='ocrx_word' id='word_1_381' title='bbox 2566 3753 2683 3810; x_wconf 87' lang='lat' dir='ltr'><strong>auch</strong></span> 
     </span>
     <span class='ocr_line' id='line_1_45' title="bbox 367 3827 2685 3898; baseline 0.003 -17"><span class='ocrx_word' id='word_1_382' title='bbox 367 3830 492 3882; x_wconf 88' lang='lat' dir='ltr'><strong>tum</strong></span> <span class='ocrx_word' id='word_1_383' title='bbox 529 3828 590 3882; x_wconf 89' lang='lat' dir='ltr'><strong>L.</strong></span> <span class='ocrx_word' id='word_1_384' title='bbox 610 3871 623 3895; x_wconf 92' lang='lat'><strong>,</strong></span> <span class='ocrx_word' id='word_1_385' title='bbox 662 3830 754 3885; x_wconf 89' lang='lat' dir='ltr'><strong>bei</strong></span> <span class='ocrx_word' id='word_1_386' title='bbox 788 3830 932 3886; x_wconf 87' lang='lat' dir='ltr'><strong>Plin.</strong></span> <span class='ocrx_word' id='word_1_387' title='bbox 971 3836 1038 3885; x_wconf 81' lang='lat'><strong>25</strong></span> <span class='ocrx_word' id='word_1_388' title='bbox 1077 3837 1123 3897; x_wconf 73' lang='lat'><strong>§-</strong></span> <span class='ocrx_word' id='word_1_389' title='bbox 1165 3837 1265 3887; x_wconf 84' lang='lat'><strong>151</strong></span> <span class='ocrx_word' id='word_1_390' title='bbox 1311 3833 1496 3886; x_wconf 76' lang='lat' dir='ltr'><strong>cicuta</strong></span> <span class='ocrx_word' id='word_1_391' title='bbox 1602 3831 1836 3885; x_wconf 84' lang='lat' dir='ltr'><strong>Plautus</strong></span> <span class='ocrx_word' id='word_1_392' title='bbox 1865 3830 1983 3886; x_wconf 86' lang='lat' dir='ltr'><strong>und</strong></span> <span class='ocrx_word' id='word_1_393' title='bbox 1999 3832 2182 3886; x_wconf 85' lang='lat' dir='ltr'><strong>Horaz</strong></span> <span class='ocrx_word' id='word_1_394' title='bbox 2209 3831 2303 3886; x_wconf 92' lang='lat' dir='ltr'><strong>bei</strong></span> <span class='ocrx_word' id='word_1_395' title='bbox 2332 3833 2496 3898; x_wconf 76' lang='lat' dir='ltr'><strong>refert</strong></span> <span class='ocrx_word' id='word_1_396' title='bbox 2520 3827 2685 3887; x_wconf 76' lang='lat' dir='ltr'><strong>haben,</strong></span> 
     </span>
     <span class='ocr_line' id='line_1_46' title="bbox 372 3897 2683 3968; baseline -0.003 -16"><span class='ocrx_word' id='word_1_397' title='bbox 372 3902 658 3968; x_wconf 87' lang='lat' dir='ltr'><strong>genannt).</strong></span> <span class='ocrx_word' id='word_1_398' title='bbox 1605 3903 1758 3956; x_wconf 89' lang='lat' dir='ltr'><strong>steht</strong></span> <span class='ocrx_word' id='word_1_399' title='bbox 1795 3902 1885 3956; x_wconf 80' lang='lat' dir='ltr'><strong>ffir</strong></span> <span class='ocrx_word' id='word_1_400' title='bbox 1921 3904 1998 3957; x_wconf 86' lang='lat' dir='ltr'><strong>ad</strong></span> <span class='ocrx_word' id='word_1_401' title='bbox 2024 3904 2252 3958; x_wconf 78' lang='lat' dir='ltr'><strong>dedecus</strong></span> <span class='ocrx_word' id='word_1_402' title='bbox 2278 3902 2392 3958; x_wconf 90' lang='lat' dir='ltr'><strong>und</strong></span> <span class='ocrx_word' id='word_1_403' title='bbox 2427 3897 2683 3956; x_wconf 84' lang='lat' dir='ltr'><strong>bedentet:</strong></span> 
     </span>
    </p>

    <p class='ocr_par' dir='ltr' id='par_1_15' title="bbox 376 3966 2681 4246">
     <span class='ocr_line' id='line_1_47' title="bbox 447 3966 2681 4044; baseline 0.004 -23"><span class='ocrx_word' id='word_1_404' title='bbox 447 3975 530 4022; x_wconf 84' lang='lat'><strong>14.</strong></span> <span class='ocrx_word' id='word_1_405' title='bbox 569 3976 728 4026; x_wconf 78' lang='lat' dir='ltr'><strong>artus</strong></span> <span class='ocrx_word' id='word_1_406' title='bbox 763 3973 838 4027; x_wconf 87' lang='lat' dir='ltr'><strong>ist</strong></span> <span class='ocrx_word' id='word_1_407' title='bbox 871 3971 1063 4027; x_wconf 83' lang='lat' dir='ltr'><strong>Aecus.</strong></span> <span class='ocrx_word' id='word_1_408' title='bbox 1104 3990 1351 4043; x_wconf 85' lang='lat' dir='ltr'><strong>graecus,</strong></span> <span class='ocrx_word' id='word_1_409' title='bbox 1392 3973 1495 4028; x_wconf 86' lang='lat' dir='ltr'><strong>wie</strong></span> <span class='ocrx_word' id='word_1_410' title='bbox 1602 3973 1692 4027; x_wconf 70' lang='lat' dir='ltr'><strong>fur</strong></span> <span class='ocrx_word' id='word_1_411' title='bbox 1729 3972 1821 4028; x_wconf 92' lang='lat' dir='ltr'><strong>die</strong></span> <span class='ocrx_word' id='word_1_412' title='bbox 1851 3972 2108 4029; x_wconf 85' lang='lat' dir='ltr'><strong>Schande</strong></span> <span class='ocrx_word' id='word_1_413' title='bbox 2137 3976 2218 4029; x_wconf 88' lang='lat' dir='ltr'><strong>sei</strong></span> <span class='ocrx_word' id='word_1_414' title='bbox 2247 3992 2305 4030; x_wconf 89' lang='lat' dir='ltr'><strong>es</strong></span> <span class='ocrx_word' id='word_1_415' title='bbox 2341 3990 2481 4044; x_wconf 77' lang='lat' dir='ltr'><strong>ganz</strong></span> <span class='ocrx_word' id='word_1_416' title='bbox 2508 3966 2681 4042; x_wconf 59' lang='lat' dir='ltr'><strong>glaub,</strong></span> 
     </span>
     <span class='ocr_line' id='line_1_48' title="bbox 376 4041 2679 4113; baseline 0.002 -20"><span class='ocrx_word' id='word_1_417' title='bbox 376 4046 426 4105; x_wconf 84' lang='lat'><strong>6,</strong></span> <span class='ocrx_word' id='word_1_418' title='bbox 449 4045 487 4092; x_wconf 76' lang='lat'>9</span> <span class='ocrx_word' id='word_1_419' title='bbox 525 4041 666 4095; x_wconf 76' lang='lat' dir='ltr'><strong>clari</strong></span> <span class='ocrx_word' id='word_1_420' title='bbox 701 4060 885 4110; x_wconf 75' lang='lat' dir='ltr'><strong>yenus.</strong></span> <span class='ocrx_word' id='word_1_421' title='bbox 926 4044 1053 4098; x_wconf 87' lang='lat' dir='ltr'><strong>hist.</strong></span> <span class='ocrx_word' id='word_1_422' title='bbox 1083 4049 1133 4113; x_wconf 85' lang='lat'><strong>4,</strong></span> <span class='ocrx_word' id='word_1_423' title='bbox 1164 4050 1229 4099; x_wconf 88' lang='grc'><strong>81</strong></span> <span class='ocrx_word' id='word_1_424' title='bbox 1270 4061 1497 4099; x_wconf 75' lang='lat' dir='ltr'><strong>manum</strong></span> <span class='ocrx_word' id='word_1_425' title='bbox 1604 4043 1695 4098; x_wconf 87' lang='lat' dir='ltr'><strong>die</strong></span> <span class='ocrx_word' id='word_1_426' title='bbox 1732 4044 1989 4099; x_wconf 87' lang='lat' dir='ltr'><strong>Schande</strong></span> <span class='ocrx_word' id='word_1_427' title='bbox 2025 4044 2212 4101; x_wconf 89' lang='lat' dir='ltr'><strong>bleibe</strong></span> <span class='ocrx_word' id='word_1_428' title='bbox 2250 4045 2512 4110; x_wconf 85' lang='lat' dir='ltr'><strong>dieselbe,</strong></span> <span class='ocrx_word' id='word_1_429' title='bbox 2547 4053 2679 4097; x_wconf 81' lang='lat' dir='ltr'><strong>wenn</strong></span> 
     </span>
     <span class='ocr_line' id='line_1_49' title="bbox 376 4111 1844 4180; baseline 0.005 -18"><span class='ocrx_word' id='word_1_430' title='bbox 376 4125 547 4178; x_wconf 73' lang='lat' dir='ltr'><strong>aeyer.</strong></span> <span class='ocrx_word' id='word_1_431' title='bbox 598 4111 650 4168; x_wconf 87' lang='lat' dir='ltr'><strong>S.</strong></span> <span class='ocrx_word' id='word_1_432' title='bbox 688 4114 837 4169; x_wconf 88' lang='lat' dir='ltr'><strong>Einl.</strong></span> <span class='ocrx_word' id='word_1_433' title='bbox 877 4120 924 4180; x_wconf 70' lang='grc' dir='ltr'><strong>ἓ.</strong></span> <span class='ocrx_word' id='word_1_434' title='bbox 965 4121 1049 4171; x_wconf 82' lang='lat'><strong>24.</strong></span> <span class='ocrx_word' id='word_1_435' title='bbox 1091 4147 1157 4154; x_wconf 94' lang='lat'>—</span> <span class='ocrx_word' id='word_1_436' title='bbox 1195 4115 1299 4170; x_wconf 89' lang='lat' dir='ltr'><strong>Die</strong></span> <span class='ocrx_word' id='word_1_437' title='bbox 1326 4116 1495 4170; x_wconf 86' lang='lat' dir='ltr'><strong>Form</strong></span> <span class='ocrx_word' id='word_1_438' title='bbox 1603 4134 1656 4169; x_wconf 90' lang='lat' dir='ltr'><strong>u.</strong></span> <span class='ocrx_word' id='word_1_439' title='bbox 1696 4132 1737 4169; x_wconf 93' lang='lat' dir='ltr'><strong>s.</strong></span> <span class='ocrx_word' id='word_1_440' title='bbox 1776 4135 1844 4170; x_wconf 88' lang='lat' dir='ltr'><strong>w.</strong></span> 
     </span>
     <span class='ocr_line' id='line_1_50' title="bbox 377 4180 1496 4246; baseline 0.008 -14"><span class='ocrx_word' id='word_1_441' title='bbox 377 4180 590 4236; x_wconf 76' lang='lat' dir='ltr'><strong>cludere</strong></span> <span class='ocrx_word' id='word_1_442' title='bbox 626 4185 769 4238; x_wconf 86' lang='lat' dir='ltr'><strong>statt</strong></span> <span class='ocrx_word' id='word_1_443' title='bbox 803 4187 1054 4241; x_wconf 77' lang='lat' dir='ltr'><strong>claudere</strong></span> <span class='ocrx_word' id='word_1_444' title='bbox 1088 4187 1166 4241; x_wconf 90' lang='lat' dir='ltr'><strong>ist</strong></span> <span class='ocrx_word' id='word_1_445' title='bbox 1199 4186 1496 4246; x_wconf 81' lang='lat' dir='ltr'><strong>nachklas-</strong></span> 
     </span>
    </p>
   </div>
   <div class='ocr_carea' id='block_1_10' title="bbox 379 4248 2678 4339">
    <p class='ocr_par' dir='ltr' id='par_1_16' title="bbox 379 4248 2678 4339">
     <span class='ocr_line' id='line_1_51' title="bbox 379 4248 2678 4339; baseline 0.006 -39"><span class='ocrx_word' id='word_1_446' title='bbox 379 4248 530 4303; x_wconf 86' lang='lat' dir='ltr'><strong>sisch</strong></span> <span class='ocrx_word' id='word_1_447' title='bbox 584 4254 698 4306; x_wconf 87' lang='lat' dir='ltr'><strong>und</strong></span> <span class='ocrx_word' id='word_1_448' title='bbox 754 4257 899 4311; x_wconf 87' lang='lat' dir='ltr'><strong>auch</strong></span> <span class='ocrx_word' id='word_1_449' title='bbox 953 4257 1046 4312; x_wconf 91' lang='lat' dir='ltr'><strong>bei</strong></span> <span class='ocrx_word' id='word_1_450' title='bbox 1099 4260 1231 4313; x_wconf 88' lang='lat' dir='ltr'><strong>Tac.</strong></span> <span class='ocrx_word' id='word_1_451' title='bbox 1291 4259 1493 4339; x_wconf 77' lang='lat' dir='ltr'><strong>selten:</strong></span> <span class='ocrx_word' id='word_1_452' title='bbox 1674 4256 1771 4313; x_wconf 76' lang='lat'><strong>66.</strong></span> <span class='ocrx_word' id='word_1_453' title='bbox 1818 4263 1868 4314; x_wconf 82' lang='lat'><strong>2.</strong></span> <span class='ocrx_word' id='word_1_454' title='bbox 1915 4261 2201 4316; x_wconf 77' lang='lat' dir='ltr'><strong>accendere</strong></span> <span class='ocrx_word' id='word_1_455' title='bbox 2236 4261 2370 4316; x_wconf 82' lang='lat' dir='ltr'><strong>statt</strong></span> <span class='ocrx_word' id='word_1_456' title='bbox 2415 4254 2678 4314; x_wconf 71' lang='lat' dir='ltr'><strong>incendere,</strong></span> 
     </span>
    </p>
   </div>
   <div class='ocr_carea' id='block_1_11' title="bbox 2766 1104 2774 1607">
    <p class='ocr_par' dir='ltr' id='par_1_17' title="bbox 2766 1104 2774 1607">
     <span class='ocr_line' id='line_1_52' title="bbox 2766 1104 2774 1607; baseline 0 0"><span class='ocrx_word' id='word_1_457' title='bbox 2766 1104 2774 1607; x_wconf 95' lang='lat' dir='ltr'><strong> </strong></span> 
     </span>
    </p>
   </div>
   <div class='ocr_carea' id='block_1_12' title="bbox 2765 1104 2775 1883">
    <p class='ocr_par' dir='ltr' id='par_1_18' title="bbox 2765 1104 2775 1883">
     <span class='ocr_line' id='line_1_53' title="bbox 2765 1104 2775 1883; baseline 0 0"><span class='ocrx_word' id='word_1_458' title='bbox 2765 1104 2775 1883; x_wconf 95' lang='lat' dir='ltr'><strong> </strong></span> 
     </span>
    </p>
   </div>
  </div>
 </body>
</html>
