2867 4625
339 94 468 160 160

978 92 1326 149 CORNELII
1363 90 1611 147 TACITI
1645 89 2044 146 ANNALIUM

335 258 448 342 qui
513 279 616 322 me
678 277 816 321 non
878 258 1134 320 tantum
1202 255 1504 339 praevisa
1575 255 1687 321 sed
1755 254 1972 319 subita
2035 253 2336 337 expedire
2400 252 2694 319 docuisti.

338 347 584 412 abavus
631 367 813 410 meus
854 344 1195 429 Augustus
1233 344 1569 430 Agrippae
1616 347 1683 408 et
1726 342 2086 408 Maecenati
2131 364 2445 426 usurpare
2492 343 2698 407 otium

265 450 297 499 5
335 439 488 520 post
532 435 791 500 labores
839 433 1193 517 concessit,
1240 434 1355 498 sed
1399 434 1469 496 in
1516 454 1593 498 ea
1638 433 1778 517 ipse
1825 435 2058 516 aetate,
2104 431 2290 497 cuius
2338 432 2693 497 auctoritas

335 526 627 590 tueretur
682 523 992 607 quidquid
1047 522 1209 587 illud
1267 526 1334 587 et
1389 521 1856 606 qualecumque
1910 520 2278 604 tribuisset3
2344 541 2421 585 ac
2472 523 2699 586 tamen

334 616 637 677 neutrum
675 612 846 676 datis
876 633 916 675 a
944 633 1013 676 se
1052 610 1360 695 praemiis
1393 612 1587 676 exuit.
1646 611 1822 677 bello
1861 613 1928 675 et
1960 610 2261 694 periculis
2297 613 2700 692 meruerant3

338 702 408 766 in
473 702 553 766 iis
608 701 781 766 enim
844 701 1108 765 iuventa
1161 699 1450 785 Augusti
1504 702 1768 765 versata
1821 703 1940 765 est.
2028 719 2149 763 nee
2203 698 2368 763 mihi
2431 697 2574 763 tela
2638 701 2700 764 et

335 811 567 855 manus
632 793 782 854 tuae
847 788 1207 855 defuissent
1268 790 1338 853 in
1403 789 1602 854 armis
1660 789 1910 873 agenti:
1975 787 2088 852 sed
2152 786 2327 872 quod
2387 809 2699 872 praesens

232 894 299 944 10
337 879 626 944 condicio
684 879 1024 962 poscebat,
1076 878 1327 943 ratione
1375 878 1647 943 consilio
1702 877 2066 960 praeceptis
2121 876 2492 960 pueritiam,
2550 877 2700 941 dein

335 968 665 1034 iuventam
711 988 922 1032 meam
968 967 1206 1032 fovisti.
1280 970 1346 1031 et
1389 970 1506 1032 tua
1550 965 1810 1052 quidem
1856 986 2014 1051 erga
2056 987 2161 1030 me
2205 987 2497 1049 munera,
2547 965 2701 1030 dum

333 1056 473 1121 vita
509 1059 831 1140 suppetet,
877 1059 1142 1120 aeterna
1181 1059 1394 1120 erunt:
1444 1077 1611 1141 quae
1647 1077 1687 1119 a
1734 1077 1837 1120 me
1873 1055 2095 1138 habes,
2140 1053 2319 1119 horti
2358 1058 2426 1118 et
2468 1053 2700 1119 faenus

336 1148 401 1210 et
435 1145 654 1229 villae,
692 1145 952 1211 casibus
992 1144 1276 1210 obnoxia
1313 1147 1484 1209 sunt.
1549 1166 1625 1208 ac
1662 1144 1819 1209 licet
1853 1143 2064 1209 multa
2103 1142 2465 1224 videantur,
2502 1143 2699 1227 pleri·

336 1256 460 1319 que
515 1233 1019 1318 haudquaquam
1067 1233 1320 1298 artibus
1376 1233 1509 1297 tuis
1564 1254 1755 1316 pares
1809 1233 1999 1317 plura
2052 1235 2416 1297 tenuerunt.
2494 1232 2704 1316 pudet

232 1338 298 1387 15
335 1323 574 1388 referre
630 1323 997 1406 libertinos,
1053 1322 1163 1407 qui
1218 1321 1487 1387 ditiores
1536 1325 1935 1406 spectantur3
1991 1321 2162 1386 unde
2218 1321 2416 1386 etiam
2470 1321 2702 1387 rubori

337 1411 501 1476 mihi
539 1415 638 1476 est
676 1411 850 1497 quod
893 1411 1278 1495 praecipuus
1315 1411 1588 1476 caritate
1623 1410 1914 1476 nondum
1952 1432 2178 1476 omnes
2215 1409 2483 1474 fortuna
2525 1414 2704 1475 ante-

331 1500 542 1584 cellis,
605 1500 736 1564 nisi
799 1498 967 1565 forte
1023 1503 1137 1565 aut
1189 1503 1257 1564 te
1312 1498 1585 1564 Vitellio
1639 1503 1742 1565 ter
1794 1499 2047 1565 consuli
2102 1502 2216 1563 aut
2269 1520 2370 1563 me
2425 1497 2703 1564 Claudio

332 1589 701 1672 postponis,
773 1592 842 1653 et
905 1592 1220 1672 quantum
1284 1587 1560 1654 Volusio
1626 1590 1829 1673 longa
1891 1588 2292 1672 parsimonia
2355 1589 2702 1672 quaesivit,

333 1680 592 1742 tantum
638 1678 706 1741 in
752 1680 820 1741 te
867 1699 1011 1741 mea
1056 1677 1419 1742 liberalitas
1468 1678 1720 1762 explere
1766 1699 1902 1742 non
1946 1679 2183 1760 potest.

229 1765 317 1830 56
516 1764 763 1830 Verum
801 1768 868 1830 et
913 1766 1035 1830 tibi
1072 1766 1292 1830 valida
1328 1770 1510 1831 aetas
1547 1767 1866 1850 rebusque
1914 1769 1980 1830 et
2024 1765 2265 1830 fructui
2298 1787 2520 1830 rerum
2573 1766 2699 1831 suf·

337 1854 588 1937 ficiens,
644 1858 712 1917 et
756 1875 879 1918 nos
925 1854 1137 1938 prima
1182 1855 1439 1940 imperii
1485 1854 1701 1940 spatia
1743 1854 2170 1939 ingredimur:
2228 1855 2409 1939 quin,
2465 1855 2529 1918 si
2578 1876 2705 1939 qua

335 1943 405 2007 in
449 1947 636 2026 parte
672 1942 993 2008 lubricum
1031 1942 1511 2009 adulescentiae
1547 1946 1812 2009 nostrae
1858 1943 2161 2026 declinat,
2204 1965 2469 2008 revocas
2511 1965 2703 2009 oma-

333 2035 602 2115 tumque
657 2032 857 2097 robur
913 2032 1202 2098 subsidio
1259 2033 1595 2117 inpensius
1642 2031 1860 2118 regis?
1951 2053 2086 2098 non
2140 2036 2259 2096 tua
2314 2032 2703 2117 moderatio,

334 2258 474 2315 lich:
524 2259 625 2315 das
672 2257 881 2316 besitze
917 2259 1013 2315 ich
1049 2260 1134 2315 als
1173 2260 1272 2315 das
1312 2262 1461 2316 erste

331 2331 630 2387 Geschenk
666 2347 781 2386 von
817 2330 920 2388 dir.

1569 2261 1707 2314 mihi
1742 2265 2018 2315 aeternam
2054 2277 2163 2315 esse
2198 2277 2524 2316 aerumnam
2567 2276 2699 2331 pro-

1565 2334 1803 2400 positam
1851 2332 2181 2398 arbitrarer,
2236 2337 2403 2387 morte
2452 2348 2543 2386 me
2588 2334 2703 2402 ipse

405 2427 457 2475 3.
489 2420 770 2489 praevisa.
825 2406 977 2474 Uber
1015 2420 1125 2473 den
1163 2418 1461 2475 Gebrauch
1558 2405 1754 2472 Imm
1788 2419 1956 2472 quam
1979 2405 2303 2473 SemPitemO
2338 2404 2528 2458 dolore
2565 2405 2699 2458 ”⁸¹⁶1-

333 2492 433 2546 des
470 2491 747 2546 Verbums
784 2508 826 2547 s.
863 2509 910 2547 z.
952 2496 1037 2557 12,
1071 2496 1156 2544 40.
1198 2521 1266 2531 —
1305 2507 1461 2560 expe·

333 2564 455 2619 dire
490 2564 632 2617 statt
666 2577 961 2631 exponere,
1006 2562 1112 2616 wie
1149 2567 1200 2628 4,
1243 2568 1271 2616 1
1310 2578 1464 2617 nwne

331 2634 626 2703 originem,
667 2649 840 2687 mores
878 2664 945 2672 -
983 2634 1297 2702 expediam,
1345 2633 1461 2688 und

334 2704 494 2759 efter.
544 2705 616 2759 So
649 2705 794 2758 auch
823 2706 1098 2758 zerstreut
1123 2704 1217 2759 bei
1247 2703 1460 2773 Cicer0,

340 2774 552 2829 Sallust
587 2774 702 2828 und
739 2773 950 2830 Livius.

408 2869 457 2917 6.
496 2867 738 2918 tueretur
787 2862 1271 2934 „rechtfertigte“.
1346 2863 1463 2917 Der

332 2932 474 2988 Sinn
510 2932 612 2988 ist:
659 2935 946 3003 Augustus
993 2934 1152 2989 hatte
1199 2934 1291 2989 die
1330 2933 1461 2988 Ein-

335 3005 534 3059 kfinfte
563 3003 743 3059 seiner
771 3004 1105 3075 Gfinstlinge
1143 3006 1462 3060 schmalern

334 3075 586 3141 kbnnem
635 3075 772 3130 aber
811 3092 870 3130 er
917 3077 1020 3130 hat
1063 3092 1123 3131 es
1156 3075 1318 3129 nicht
1363 3092 1461 3144 ge-

334 3146 503 3200 than:
555 3146 663 3200 wie
698 3145 816 3200 viel
852 3146 1101 3216 weniger
1146 3146 1331 3200 durfte
1369 3146 1464 3201 ich

333 3233 411 3272 es.
444 3247 510 3255 —
544 3217 817 3286 quidquid
833 3217 994 3282 illud,
1026 3216 1292 3270 verkt‘irzt
1319 3219 1463 3272 statt

336 3286 610 3355 quidquid
645 3288 789 3341 illud
816 3292 934 3341 erat
968 3288 1129 3356 qnod.
1187 3285 1239 3341 S.
1271 3306 1339 3342 zu
1376 3293 1458 3357 12,

332 3362 406 3412 36
443 3358 568 3427 quis
602 3358 710 3413 ille.

412 3451 496 3500 11.
533 3462 763 3502 munera
797 3446 911 3501 fast
947 3472 1015 3492 ==
1051 3447 1265 3502 merita.

415 3540 498 3587 12.
535 3536 683 3602 vita,
721 3534 969 3589 namlich
1003 3553 1139 3591 mea.
1187 3563 1257 3576 -—-
1306 3534 1461 3591 Statt

332 3610 616 3674 suppetere
678 3606 778 3660 hat
834 3605 961 3661 Tac.
1018 3605 1078 3661 in
1134 3607 1461 3661 demselben

339 3675 506 3730 Sinne
535 3678 913 3746 suppeditare:
944 3684 1026 3746 15,
1050 3684 1116 3732 11
1146 3680 1316 3733 donee
1341 3680 1460 3733 vita

332 3749 656 3817 suppeditet.
729 3748 857 3802 hist.
911 3756 957 3816 1,
1009 3755 1037 3802 1
1093 3750 1290 3819 quodsi
1343 3750 1462 3805 vita

334 3820 658 3887 suppeditet.
709 3819 884 3874 Beide
910 3818 1101 3874 Verba
1127 3821 1337 3876 ebenso
1367 3819 1461 3875 bei

338 3888 549 3945 Cicero,
605 3921 676 3929 —-
732 3895 957 3944 aeterna
1003 3892 1145 3946 statt
1194 3896 1463 3961 perpetua

341 3960 689 4029 ‚,dauernd“,
744 3978 850 4014 nur
892 3960 954 4015 in
989 3961 1179 4030 Bezug
1223 3962 1326 4015 auf
1370 3961 1464 4017 die

338 4028 526 4083 Dauer
589 4031 686 4085 des
750 4030 1172 4086 menschlichen
1225 4031 1461 4086 Lebens.

343 4097 415 4152 So
443 4099 601 4154 nicht
637 4101 781 4156 blofs
819 4102 898 4155 im
937 4100 1218 4155 silbernen
1243 4101 1461 4172 Latein,

342 4169 580 4222 sondern
629 4171 799 4225 sehon
849 4171 944 4226 bei
990 4172 1107 4227 den
1151 4173 1460 4228 Komikern

341 4238 456 4290 und
486 4237 597 4294 Cic.
626 4242 758 4309 post
783 4243 900 4296 red.
931 4242 991 4296 in
1021 4258 1138 4299 sen.
1172 4250 1238 4297 14
1264 4245 1462 4314 quodsi

1568 2479 1779 2528 tassem.

1644 2552 1726 2599 16.
1767 2546 2079 2600 antecellere
2123 2544 2231 2600 mit
2278 2544 2409 2601 dem
2452 2545 2700 2600 Accusa-

1568 2616 1655 2669 tiv
1693 2615 1838 2670 auch
1882 2613 2017 2670 hist.
2057 2621 2107 2683 2,
2148 2622 2179 2669 3
2229 2616 2331 2671 wie
2373 2616 2468 2671 bei
2506 2617 2696 2671 Valer.

1568 2685 1716 2741 Max.
1746 2684 1864 2739 und
1901 2687 2031 2741 dem
2066 2688 2281 2741 alteren
2310 2687 2549 2744 Plinius.
2605 2686 2699 2741 Bei

1572 2756 1764 2811 Cicero
1818 2776 1929 2811 nur
1983 2757 2090 2812 mit
2148 2758 2277 2812 dem
2331 2757 2504 2813 Dativ
2568 2759 2697 2813 oder

1568 2827 1812 2882 absolut.

1644 2904 1727 2953 17.
1766 2899 1828 2953 1..
1868 2897 2161 2968 Vitellius,
2207 2897 2383 2954 Vater
2428 2899 2532 2955 des
2574 2905 2675 2970 spa

1568 2971 1728 3024 teren
1757 2969 1998 3037 Kaisers,
2036 2987 2155 3025 war
2190 2970 2282 3024 ein
2312 2970 2699 3026 Schmeichler

1570 3040 1685 3094 und
1744 3039 2047 3110 Gfinstling
2101 3040 2199 3095 des
2256 3041 2557 3110 Claudius,
2619 3042 2694 3096 im

1569 3111 1620 3167 J.
1658 3117 1726 3165 47
1767 3130 1892 3165 zum
1931 3112 2262 3166 drittenmal
2297 3112 2534 3168 Konsul.

1646 3188 1729 3237 18.
1767 3168 1920 3237 Uber
1964 3183 2025 3237 L.
2074 3183 2365 3252 Volusius,
2413 3185 2494 3238 im
2542 3184 2594 3238 J.
2631 3189 2695 3239 56

1568 3254 1900 3323 gestorben,
1938 3272 1981 3309 s.
2018 3271 2086 3307 zu
2129 3259 2212 3323 13,
2252 3260 2338 3309 30.

1644 3329 1726 3379 19.
1783 3326 1997 3393 explere
2060 3325 2189 3391 „ein
2252 3324 2400 3381 Mars
2463 3325 2691 3392 fi‘illen“,

1566 3394 1691 3449 hier
1738 3395 1856 3450 also
1905 3394 2282 3464 ,‚erreichen“.
2357 3397 2488 3467 Vgl.
2540 3396 2688 3452 Caes.

1564 3465 1619 3521 b.
1660 3482 1707 3519 c.
1745 3472 1796 3534 3,
1826 3472 1860 3520 4
1898 3483 2038 3533 cum,
2075 3483 2231 3536 quem
2264 3484 2445 3537 supra
2479 3470 2687 3524 demon·

1565 3538 1879 3605 stravimus,
1893 3554 2181 3593 nnmerum
2199 3540 2525 3609 expleverat.
2539 3538 2688 3608 Vitg.

1568 3609 1703 3661 Aen.
1744 3614 1794 3677 6,
1833 3614 1936 3664 545
1974 3610 2195 3678 explebo
2229 3627 2538 3666 nnmerum.

1639 3747 1736 3804 56.
1798 3756 1845 3806 1.
1892 3752 2054 3806 rebus
2109 3752 2255 3820 „den
2301 3752 2686 3808 Geschaften‘fi

1566 3820 1783 3888 fructui
1798 3821 1962 3889 „dem
1977 3823 2460 3879 wohlverdienten
2471 3822 2687 3879 Lohne“

1568 3891 1659 3945 fur
1695 3891 1857 3947 deine
1893 3892 2339 3965 Mfihewaltung.

1643 3969 1691 4017 3.
1731 3964 2019 4019 lubricum.
2068 3963 2289 4020 Ebenso
2329 3972 2380 4034 6,
2417 3972 2488 4021 49
2522 3965 2684 4021 lubri-

1570 4048 1693 4158 οιιῖη
1737 4035 2005 4091 inventae.
2073 4036 2127 4091 S.
2165 4054 2235 4090 zu
2274 4043 2360 4107 13,
2396 4043 2431 4091 2
2482 4038 2682 4093 lubrica

1570 4120 1633 4158 ae
1658 4120 1735 4159 as.

1640 4180 1690 4229 4.
1737 4176 1909 4232 robur
1955 4180 2053 4233 ctt.
2127 4177 2233 4233 Die
2282 4178 2678 4235 Konstruktion

1526 4292 1529 4294 Α
1567 4244 1667 4300 ist:
1695 4247 1867 4303 robur
1892 4266 2069 4305 meum
2097 4250 2303 4320 (meino
2323 4248 2677 4322 jugendliche
