2867 4625
978 112 1200 168 LIBER
1226 112 1323 171 IV.
1378 112 1539 170 CAP.
1567 119 1798 170 ιιι-25.
2442 111 2575 176 215

219 275 435 342 adhuc
477 274 789 358 raptabat
825 272 1119 340 Africam
1155 273 1556 359 Tacfarinas,
1603 278 1832 340 auctus
1870 273 2247 339 Maurorum
2298 273 2574 358 auxiliis,
2611 291 2647 341 5

219 364 368 449 qui,
422 363 799 429 Ptolemaeo
852 363 1054 429 Iubae
1112 363 1251 428 filio
1306 364 1575 428 iuventa
1628 363 1984 448 incurioso,
2036 363 2309 427 libertos
2354 363 2571 447 regios

218 456 290 518 et
364 451 625 517 servilia
696 451 971 534 imperia
1040 452 1216 518 bello
1288 454 1721 517 mutaverant.
1821 455 1963 517 erat
2023 451 2124 516 illi
2185 449 2575 535 praedarum

216 544 519 625 receptor
573 560 648 605 ac
701 541 917 606 socius
971 541 1326 625 populandi
1379 561 1496 605 rex
1549 539 2056 643 Garamantum,
2108 561 2243 604 non
2297 543 2373 604 ut
2427 560 2574 604 cum

216 630 509 695 exercitu
543 628 884 712 incederet,
931 630 1043 694 sed
1078 628 1300 694 missis
1335 629 1589 695 levibus
1629 629 1854 713 copiis,
1901 650 2063 714 quae
2100 649 2181 693 ex
2215 627 2572 713 longinquo

213 719 289 783 in
333 717 548 782 maius
603 717 1058 801 audiebantur3
1111 718 1382 802 ipsaque
1436 740 1473 782 e
1527 718 1891 803 provincia,
1944 721 2022 783 ut
2075 716 2219 801 quis
2272 716 2572 782 fortunae
2612 733 2683 783 ιο

209 808 437 960 ἱὲἓΡέ
457 802 2387 995 &322⁰22'ssfflfd{Zairfflfissuiaffssfflfflffiffffiffi
2420 807 2573 957 932?

207 982 472 1066 portari
525 1003 764 1048 nonam
819 982 1142 1067 legionem
1195 983 1508 1069 iusserat,
1562 1005 1684 1050 nec
1737 1006 1856 1069 pro
1913 982 2175 1048 consule
2232 981 2369 1045 eius
2397 942 2570 1045 'anni

207 1070 288 1135 P.
335 1070 686 1135 Dolabella
727 1070 1004 1135 retinere
1050 1093 1246 1137 ausus
1292 1076 1463 1156 erat,
1515 1074 1694 1138 iussa
1748 1071 2064 1156 principis
2111 1069 2323 1154 magis
2370 1089 2570 1152 quam

209 1160 472 1224 incerta
515 1158 673 1224 belli
717 1162 1027 1225 metuens.
2612 1171 2679 1222 15

397 1246 614 1333 Igitur
670 1245 1051 1312 Tacfarinas
1114 1246 1407 1331 disperso
1470 1269 1728 1314 rumore
1792 1269 1930 1312 rem
1992 1246 2358 1311 Romanam
2420 1243 2570 1308 aliis
2591 1246 2682 1310 24

206 1356 477 1419 quoque
526 1334 609 1399 ab
652 1335 1029 1400 nationibus
1064 1335 1337 1401 lacerari
1381 1357 1587 1421 eoque
1623 1337 1944 1422 paulatim
1981 1333 2210 1399 Africa
2249 1331 2572 1416 decedere,

208 1445 298 1488 ac
332 1444 531 1507 posse
564 1422 852 1507 reliquos
889 1423 1353 1507 circumveniri,
1391 1424 1450 1489 si
1488 1425 1704 1490 cuncti
1741 1424 1976 1509 quibus
2004 1423 2275 1487 libertas
2305 1420 2571 1486 servitio

205 1513 439 1595 potior
484 1510 958 1595 incubuissent,
1005 1515 1204 1597 auget
1247 1512 1417 1577 vires
1463 1513 1827 1598 positisque
1874 1512 2106 1578 castris
2151 1510 2572 1575 Thubuscum

206 1599 531 1683 oppidum
586 1599 1013 1665 circumsidet.
1104 1602 1175 1664 at
1217 1600 1566 1666 Dolabella
1610 1604 1947 1667 contracto
1996 1598 2169 1686 quod
2215 1601 2359 1663 erat
2401 1596 2571 1662 mili-
2608 1613 2642 1662 5

202 1692 377 1773 tum,
421 1691 667 1753 terrore
711 1688 993 1753 nominis
1029 1687 1309 1754 Romani
1353 1692 1421 1754 et
1466 1691 1622 1773 quia
1657 1688 1982 1755 Numidae
1996 1623 2321 1773 qpeditum
2365 1686 2573 1751 aciem

205 1777 387 1841 ferre
433 1779 787 1860 nequeunt,
829 1776 1043 1860 primo
1090 1777 1192 1842 sui
1235 1779 1491 1843 incessu
1538 1778 1736 1844 solvit
1782 1776 2109 1843 obsidium
2153 1777 2572 1858 locorumque

207 1867 591 1948 opportuna
623 1864 1043 1948 permunivit3
1089 1866 1284 1931 simul
1323 1867 1653 1967 principes
1689 1865 2229 1932 Musulamiorum
2269 1862 2573 1929 defectio-

203 1973 366 2016 nem
415 1955 794 2036 coeptantes
841 1953 1049 2018 securi
1091 1954 1389 2037 percutit.
1481 1955 1631 2019 dein
1677 1955 1829 2039 quia
1882 1954 2179 2039 pluribus
2226 1952 2571 2019 adversum

202 2039 698 2105 Tacfarinatem
761 2041 1278 2124 expeditionibus
1343 2044 1679 2129 cognitum
1692 2094 1711 2128 ,
1783 2065 1920 2109 non
1993 2040 2182 2128 gravi
2252 2061 2373 2105 nec
2434 2060 2567 2104 uno
2608 2055 2679 2107 ιο

202 2129 484 2193 incursu
527 2128 1031 2194 consectandum
1074 2129 1329 2195 hostem
1373 2153 1644 2217 vagum,
1691 2132 1902 2196 excito
1949 2152 2096 2196 cum
2140 2127 2568 2228 popularibus

79 2291 104 2299 ,
203 2236 369 2302 rege
415 2215 795 2283 Ptolemaeo
842 2220 1149 2302 quattuor
1210 2220 1474 2305 agmina
1518 2224 1735 2306 parat,
1791 2240 1956 2304 qnae
2010 2217 2246 2303 legatis
2294 2218 2409 2280 aut
2453 2214 2567 2279 tri-

203 2305 409 2371 bunis
468 2304 649 2389 data3
706 2309 773 2372 et
828 2306 1275 2392 praedatorias
1321 2331 1551 2377 manus
1598 2308 1834 2375 delecti
1877 2307 2258 2374 Maurorum
2304 2304 2567 2371 duxere:

209 2396 360 2481 ipse
408 2396 738 2460 consultor
784 2397 1010 2461 aderat
1041 2398 1372 2476 omnibus.

392 2483 533 2549 Nec
577 2485 781 2549 multo
828 2487 981 2568 post
1025 2467 1313 2550 adfertur
1347 2484 1669 2551 Numidas
1708 2483 1880 2569 apud
1917 2484 2259 2550 castellum
2295 2481 2569 2547 semiru-
2586 2481 2679 2548 25

279 2644 333 2693 5.
375 2643 646 2707 raptare,
654 2639 980 2708 ,“p11'indern
1016 2640 1161 2694 auch
1187 2639 1334 2694 noch
1514 2639 1612 2695 24.
1663 2641 2068 2709 Ldisperqere
2103 2638 2246 2692 statt
2280 2638 2569 2707 dipulyare

206 2715 274 2764 12
318 2714 420 2774 54,
451 2711 607 2763 sonst
622 2726 730 2763 nur
745 2708 841 2763 bei
861 2708 1092 2765 Statius.
1112 2711 1334 2765 Ebenso
1443 2729 1549 2765 nur
1602 2710 1748 2765 noch
1799 2710 1934 2765 hist.
1971 2713 2032 2776 2,
2072 2713 2119 2762 1.
2192 2708 2416 2763 Ebenso
2469 2722 2566 2777 ge·

203 2749 529 2850 gebraucht
563 2778 694 2834 Tac.
731 2797 953 2850 rapere.-
1004 2786 1087 2849 13,
1126 2787 1158 2835 6
1204 2782 1335 2851 rapi
1443 2782 1686 2836 braucht
1724 2781 1856 2835 Tac.
1895 2781 2133 2848 differre.

201 2851 563 2917 Armeniam,
601 2849 710 2906 wie
746 2851 922 2905 sehon
948 2822 1149 2922 Virgil.
1203 2851 1331 2921 Vgl.
1516 2858 1567 2906 2.
1614 2853 1858 2908 lacerare
1900 2851 1991 2905 fur
2026 2866 2223 2906 vmare
2259 2848 2436 2904 sehon
2470 2848 2567 2904 bei

205 2923 429 2976 trahere
468 2926 518 2988 3,
545 2927 576 2974 '7
582 2926 631 2975 4
1446 2921 1641 2978 Cicero
1677 2923 1793 2977 und
1832 2920 2062 2977 Sallust.

279 2998 331 3046 6.
373 2992 499 3045 Den
535 2991 875 3047 Ptolemaeus
909 2990 1039 3046 liess
1075 2989 1337 3062 Caligula
1516 3000 1566 3048 4.
1604 2994 1913 3048 incumbere
1941 2993 2083 3046 statt
2107 3007 2314 3060 umere,
2350 2992 2563 3046 instare

204 3063 287 3116 im
326 3062 380 3116 J.
418 3066 493 3114 40
533 3062 683 3116 nach
722 3061 867 3117 Rom
910 3063 1176 3117 kommen
1218 3062 1335 3117 und
1440 3063 1520 3118 ist
1568 3063 1663 3118 bei
1715 3063 1846 3118 Tac.
1882 3062 2043 3117 nicht
2086 3062 2291 3129 selten3
2347 3060 2563 3115 dichte-

202 3133 377 3188 nebst
410 3132 659 3187 anderen
705 3133 1021 3199 ermorden,
1067 3150 1165 3187 um
1212 3133 1332 3187 sich
1440 3133 1591 3188 risch
1641 3135 1758 3189 und
1806 3131 2246 3188 nachklassisch.
2297 3162 2364 3171 —
2414 3130 2565 3185 Tha-

202 3204 392 3258 seiner
430 3203 671 3258 Schatze
707 3222 775 3257 zu
810 3174 1222 3285 bemaohtigen.
1259 3234 1330 3244 —
1441 3204 1682 3272 buscum,
1719 3204 1782 3259 in
1815 3203 2138 3271 Numidien,
2173 3200 2433 3258 nordlich
2468 3216 2564 3256 am

202 3275 554 3342 immoene,
590 3273 685 3327 bei
720 3274 951 3329 Tacitus
987 3273 1218 3341 beliebt,
1254 3273 1332 3328 ist
1439 3273 1682 3345 Gebirge
1716 3274 2002 3330 Aurasius.

204 3345 486 3399 silbernes
524 3344 753 3412 Latein,
799 3345 945 3399 doeh
988 3345 1093 3400 hat
1135 3344 1327 3399 Livius
1513 3352 1561 3400 6.
1614 3351 1819 3401 terrore
1856 3374 1924 3385 -·
1962 3350 2012 3399 et
2056 3345 2206 3414 quia.
2260 3329 2410 3398 Uber
2445 3342 2558 3398 den

205 3415 310 3470 das
358 3414 613 3470 Adverb.
661 3420 723 3483 8,
760 3420 847 3471 38.
894 3421 990 3485 29,
1028 3422 1079 3472 3.
1126 3421 1211 3470 32.
1259 3445 1328 3456 -
1436 3413 2123 3471 Konstruktionswechsel
2160 3432 2202 3469 s.
2230 3411 2563 3482 Einleitung

205 3486 434 3542 libertos
482 3516 548 3526 —
596 3458 969 3554 mut’czverant,
1034 3487 1088 3541 d.
1133 3485 1190 3540 h.
1247 3485 1328 3540 sie
1439 3491 1792 3554 §.119,12.

204 3557 409 3611 hatten
466 3557 591 3610 ihre
646 3555 904 3627 Stellung
958 3557 1125 3611 unter
1178 3528 1749 3612 Frei·''1.Uber
1786 3555 1897 3610 den
1934 3553 2176 3610 Genetiv
2209 3555 2302 3609 sui
2338 3570 2382 3609 s.
2409 3553 2562 3610 Einl.

205 3626 544 3696 gelassenen
581 3626 935 3696 aufgegeben
962 3626 1076 3681 und
1104 3626 1330 3696 Kriegs-
1437 3633 1485 3693 §-
1521 3632 1611 3682 42.
1657 3657 1726 3668 -
1772 3628 2016 3680 incessus
2067 3624 2176 3679 wie
2231 3630 2291 3693 3,
2330 3630 2400 3680 '¹14
2452 3629 2565 3680 tres

205 3698 433 3752 dienste
471 3712 824 3766 genommen.
878 3696 993 3752 Der
1026 3697 1329 3752 Personen-
1435 3699 1707 3764 incessus,
1741 3697 1965 3754 totidem
1999 3697 2228 3767 aymi‘na
2255 3701 2563 3765 parantur,

204 3783 376 3822 name
424 3768 644 3822 libertos
687 3768 831 3823 wird
865 3770 983 3822 erst
1017 3768 1194 3822 durch
1228 3768 1329 3822 das
1440 3773 1535 3835 12,
1573 3773 1644 3823 50
1687 3769 1901 3822 incessu
1950 3766 2302 3821 Parthorum.
2354 3797 2423 3807 —
2468 3766 2563 3821 ob-

203 3837 478 3917 folgende
527 3839 764 3908 imperia
808 3839 1219 3906 ιθιειῑιὶιιᾱΙιοὶι,
1269 3855 1328 3893 es
1439 3840 1648 3893 sidium
1681 3838 1825 3893 statt
1860 3837 2091 3905 obsidio,
2124 3837 2231 3892 wie
2260 3843 2312 3905 3,
2341 3842 2410 3891 39
2445 3837 2564 3891 und

203 3907 284 3963 ist
318 3906 621 3978 Hendiady
624 3927 665 3963 s.
1442 3907 1551 3974 oft3
1589 3909 1664 3963 ist
1699 3907 2071 3962 unklassisch.

282 3985 370 4036 10.
404 3982 470 4034 in
488 3980 1040 4035 maiusaudiristatt
1055 3979 1332 4045 celebrari,
1514 3985 1564 4034 8.
1581 3968 1735 4034 Uber
1753 3978 1845 4032 die
1864 3978 2295 4033 Musulamiers.
2315 3980 2451 4043 zu2,
2472 3979 2562 4030 52.

205 4052 400 4106 extolli
424 4050 503 4105 ist
538 4045 640 4104 ἅπ.
673 4049 773 4121 elo.
833 4049 1331 4119 Vgl.Ein1.§.49.
1516 4055 1600 4104 14.
1657 4050 1935 4105 consultor
1985 4047 2359 4117 „Ratgeber“
2415 4045 2563 4100 auch

208 4152 278 4162 —
316 4127 383 4175 ut
417 4122 543 4191 quis
589 4122 734 4176 statt
777 4127 842 4176 at
887 4121 1084 4190 quiea
1044 4137 1143 4187 ιιε,
1187 4120 1331 4175 auch
1443 4126 1611 4186 6,10
1663 4121 1780 4174 ιιιιᾶ
1832 4120 1978 4174 &fter
2027 4118 2121 4173 bei
2173 4117 2413 4184 Sallust,
2468 4115 2563 4170 bei

205 4210 296 4263 cp.
338 4198 423 4246 36.
466 4197 640 4263 1,2·1.
680 4198 731 4261 6,
771 4198 802 4247 ’1
840 4191 955 4246 und
992 4198 1024 4246 ὅ
1442 4189 1637 4245 Cicero
1682 4188 1857 4244 heil'st
1901 4205 1962 4242 es
2000 4190 2135 4257 „der
2171 4206 2266 4241 um
2302 4186 2416 4242 Rat
2448 4186 2566 4241 fra·

283 4268 369 4319 15.
388 4234 603 4319 ince'rta
622 4265 730 4317 wie
747 4263 934 4319 subita
950 4263 1077 4317 belli
1093 4211 1226 4332 Agr.
1242 4266 1330 4317 37.
1442 4260 1658 4330 gende“
1694 4279 1740 4313 z.
1769 4260 1831 4313 B.
1859 4258 2070 4314 Klient.
