2867 4625
1022 112 1244 168 LIBER
1276 112 1346 171 11.
1423 111 1579 170 CAP.
1619 118 1812 168 ‘1-11,
2468 113 2595 177 101

248 274 578 340 insultant
631 274 816 359 aquis
873 276 1207 361 artemque
1262 274 1463 340 nandi
1518 276 1874 358 ostentant,
1920 274 2169 339 turbati
2226 278 2292 340 et
2336 274 2598 360 quidam

247 364 466 429 hausti
517 368 683 429 sunt.
767 364 1040 428 metanti
1086 365 1304 428 castra
1349 361 1614 430 Caesari
1650 363 2189 448 Angrivariorum
2235 363 2511 430 defectio
2560 385 2601 428 a

251 457 440 538 tergo
483 452 855 517 nuntiatur:
919 451 1158 516 missus
1212 451 1366 518 ilico
1414 450 1764 517 Stertinius
1821 472 1969 517 cum
2016 452 2233 536 equite
2279 455 2346 518 et
2390 475 2598 518 arma-

247 544 402 606 tura
447 542 577 607 levi
622 541 776 625 igne
824 542 890 604 et
935 539 1238 605 caedibus
1285 540 1625 624 perfidiam
1669 540 1847 605 ultus
1895 544 2011 606 est.
2622 556 2688 606 15

428 628 705 694 Flumen
730 627 1033 714 Visurgis
1070 627 1402 694 Romanos
1441 627 1930 713 Cheruscosque
1965 628 2396 695 interfluebat.
2461 628 2599 694 eius
2620 630 2661 694 9

248 719 324 783 in
367 718 514 802 ripa
558 740 708 783 cum
754 718 984 782 ceteris
1030 717 1426 801 primoribus
1477 717 1814 783 Arminius
1860 717 2134 801 adstitit,
2180 719 2603 802 quaesitoque

251 829 340 872 an
376 804 618 872 Caesar
653 804 959 889 venisset,
993 809 1343 890 postquam
1389 806 1617 871 adesse
1661 827 2049 890 responsum
2094 809 2212 890 est,
2257 811 2334 872 ut
2380 806 2606 871 liceret

247 916 397 961 cum
452 895 657 961 fratre
704 894 1005 979 conloqui
1051 894 1282 960 oravit.
1391 897 1536 960 erat
1589 894 1648 960 is
1705 895 1772 960 in
1828 894 2117 960 exercitu
2170 898 2603 978 cognomento

241 983 488 1049 Flavus
507 1034 524 1066 ,
579 982 860 1065 insignis
915 983 1043 1048 fide
1089 986 1156 1047 et
1202 983 1444 1049 amisso
1500 1004 1617 1068 per
1660 983 1895 1049 vulnus
1939 983 2125 1048 oculo
2178 984 2404 1066 paucis
2451 986 2603 1048 ante
2624 999 2657 1049 5

251 1074 444 1138 annis
492 1073 654 1137 duce
710 1069 994 1137 Tiberio.
1085 1075 1226 1138 tum
1270 1073 1661 1157 permissum
1720 1091 2236 1157 progressusque
2283 1072 2606 1136 salutatur

249 1161 336 1226 ab
383 1160 714 1241 Armini03
761 1160 872 1245 qui
918 1160 1159 1225 amotis
1207 1161 1664 1245 stipatoribus,
1719 1164 1794 1225 ut
1839 1159 2168 1246 sagittarii
2212 1162 2441 1225 nostra
2484 1181 2606 1244 pro

248 1250 399 1335 ripa
448 1248 750 1333 dispositi
794 1248 1215 1314 abscederent
1258 1248 1569 1333 postulat,
1605 1252 1673 1313 et
1714 1251 2066 1333 postquam
2105 1248 2397 1332 digressi,
2433 1246 2605 1313 unde

247 1360 327 1404 ea
375 1337 753 1404 deformitas
794 1337 924 1402 oris
969 1339 1338 1423 interrogat
1383 1337 1673 1403 fratrem.
1746 1337 1861 1402 illo
1909 1339 2126 1402 locum
2173 1340 2240 1402 et
2282 1336 2603 1421 proelium

247 1427 599 1507 referente,
632 1425 956 1510 quodnam
992 1427 1356 1511 praemium
1391 1426 1748 1510 recepisset
1774 1424 2071 1510 exquirit.
2134 1424 2377 1490 Flavus
2414 1429 2606 1491 aucta
2627 1433 2693 1482 10

248 1515 600 1599 stipendia,
635 1520 934 1598 torquem
971 1519 1038 1578 et
1075 1536 1383 1580 coronam
1420 1515 1675 1599 aliaque
1712 1513 2023 1579 militaria
2059 1514 2230 1578 dona
2266 1517 2605 1598 memorat,

233 1604 568 1669 inridente
617 1602 914 1667 Arminio
959 1603 1116 1667 vilia
1162 1603 1409 1668 servitii
1457 1603 1689 1686 pretia.

427 1691 605 1757 Exin
649 1689 887 1756 diversi
924 1691 1280 1770 ordiuntur,
1323 1691 1433 1756 hic
1478 1691 1992 1776 magnitudinem
2027 1690 2411 1775 Romanam,
2448 1712 2604 1775 opes
2627 1701 2713 1768 10

242 1780 550 1847 Caesaris
600 1783 666 1843 et
709 1779 900 1845 victis
950 1801 1183 1866 graves
1229 1801 1494 1864 poenas,
1538 1781 1606 1844 in
1653 1778 2044 1845 deditionem
2087 1780 2377 1845 venienti
2420 1802 2606 1865 para-

249 1873 397 1934 tam
466 1868 904 1951 clementiam3
967 1890 1181 1953 neque
1248 1869 1593 1953 coniugem
1664 1871 1731 1933 et
1791 1867 2001 1932 filium
2073 1869 2211 1933 eius
2276 1867 2606 1933 hostiliter

245 1958 512 2024 haberi·
552 1956 662 2021 ille
696 1955 799 2021 fas
828 1958 1098 2041 patriae,
1134 1957 1508 2022 libertatem
1544 1956 1805 2059 avitam,
1841 1957 2195 2041 penetralis
2223 1955 2605 2023 Germaniae

240 2045 432 2130 deos,
489 2048 765 2110 matrem
808 2067 1076 2130 precum
1124 2046 1395 2132 sociam,
1451 2067 1533 2109 ne
1587 2045 2105 2147 propinquorum
2163 2048 2228 2110 et
2273 2045 2650 2128 adfinium,5

237 2135 523 2219 denique
571 2133 783 2218 gentis
832 2155 985 2199 suae
1031 2134 1323 2199 desertor
1368 2137 1435 2199 et
1480 2134 1774 2217 proditor
1810 2156 2007 2218 quam
2052 2133 2410 2235 imperator
2455 2155 2597 2199 esse

239 2223 494 2288 mallet.
582 2222 900 2306 paulatim
946 2223 1095 2287 inde
1142 2222 1225 2288 ad
1270 2223 1486 2308 iurgia
1530 2222 1820 2308 prolapsi
1855 2237 1995 2306 quo
2044 2222 2260 2287 minus
2306 2241 2597 2325 pugnam

238 2315 654 2379 consererent
725 2333 807 2375 ne
878 2310 1144 2377 flumine
1209 2310 1471 2397 quidem
1542 2312 1883 2377 interiecto
1961 2310 2461 2394 cohibebantur,
2525 2312 2596 2376 ni

243 2400 601 2468 Stertinius
657 2399 1004 2467 adcurrens
1059 2401 1325 2486 plenum
1382 2402 1519 2466 irae
1575 2422 1884 2484 armaque
1931 2404 1998 2464 et
2043 2422 2278 2485 equum
2325 2420 2596 2483 poscen-

235 2494 382 2555 tem
452 2487 724 2553 Flavum
806 2489 1212 2554 adtinuisset.
1339 2490 1723 2555 cernebatur
1794 2492 2022 2554 contra
2107 2487 2595 2553 minitabundus
2626 2508 2691 2559 ιο

238 2577 584 2643 Arminius
641 2576 1088 2661 proeliumque
1144 2577 1561 2665 denuntians3
1614 2599 1770 2642 nam
1834 2578 2138 2679 pleraque
2182 2574 2460 2641 Latino
2468 2598 2597 2641 ser-

236 2687 439 2732 mone
501 2665 982 2749 interiaciebat,
1047 2670 1119 2731 ut
1181 2668 1292 2750 qui
1337 2666 1653 2732 Romanis
1717 2665 1788 2730 in
1847 2665 2077 2730 castris
2125 2664 2352 2729 ductor
2396 2685 2597 2749 popu-

232 2755 480 2821 latiam
524 2754 885 2818 meruisset.

424 2840 695 2910 Postero
770 2842 873 2906 die
938 2841 1412 2910 Germanorum
1488 2844 1658 2909 acies
1732 2846 1916 2907 trans
1982 2841 2320 2927 Visurgim
2395 2841 2598 2909 stetit.
2629 2847 2706 2911 11

237 2931 492 2999 Caesar
535 2931 665 2995 nisi
708 2932 1021 3014 pontibus
1076 2932 1546 3016 praesidiisque
1593 2932 1893 3016 inpositis
1939 2931 2092 2996 dare
2139 2931 2210 2995 in
2255 2931 2605 2997 discrimen

318 3144 404 3194 13.
436 3139 920 3208 Anqrivariorwm.
957 3138 1154 3194 Hierin
1184 3141 1371 3196 steckt
1550 3147 1599 3196 7.

236 3210 339 3266 ein
404 3208 818 3265 Schreibfehler
881 3210 1017 3265 oder
1052 3241 1053 3244 =
1079 3209 1172 3265 eiu
1232 3211 1368 3266 Ver·

235 3281 420 3337 seben
458 3280 558 3334 des
595 3279 929 3347 Verfassers,
959 3281 1108 3335 deun
1135 3281 1228 3337 die
1255 3283 1367 3336 An-

277 3349 520 3405 rivarier
558 3352 821 3406 wohnten
865 3350 981 3406 viel
1017 3351 1210 3407 weiter
1255 3354 1368 3407 ost-

1665 3157 1775 3210 pro
1809 3142 1967 3210 ripa,
2004 3157 2048 3194 8.
2086 3159 2155 3195 zu
2193 3159 2277 3211 cp.
2321 3146 2402 3194 13.

1548 3216 1598 3267 8.
1655 3216 1951 3281 postquam
1996 3212 2246 3281 dim-essi.
2320 3201 2472 3267 Uber
2507 3209 2600 3267 die

1476 3281 1824 3352 Auslassung
1879 3282 1980 3337 der
2024 3281 2263 3338 Formen
2318 3282 2415 3337 des
2462 3281 2598 3336 Ver-

1475 3354 1640 3408 bums
1687 3370 1795 3408 esse
1838 3353 1899 3407 in
1936 3354 2328 3409 Nebensatzen
2373 3369 2417 3407 s.
2453 3352 2601 3408 Einl.

266 3422 395 3489 'ch,
424 3420 663 3490 jenseits
701 3422 802 3476 der
828 3421 1041 3477 Weeer.
1109 3421 1371 3478 Gemeint

238 3493 375 3549 sind
438 3491 589 3547 wohl
651 3492 743 3547 die
804 3491 1208 3563 Ampsivarier‚
1277 3494 1368 3549 die

239 3563 506 3619 westlich
539 3578 652 3617 von
689 3564 788 3619 der
816 3564 966 3632 Ems,
1005 3565 1127 3619 also
1157 3582 1194 3620 a
1220 3570 1368 3634 teryo

240 3634 528 3689 wohnten.
564 3632 727 3689 Eben
741 3649 803 3689 so
820 3635 880 3689 in
898 3635 1044 3717 Kpp.
1067 3641 1135 3689 22
1151 3635 1266 3690 und
1279 3640 1366 3690 24.

314 3704 473 3760 9.1.
527 3706 862 3786 ‘interfluere
898 3707 1004 3760 mit
1033 3705 1162 3759 dem
1188 3705 1366 3761 Accu·

239 3775 421 3843 sativ,
469 3775 576 3828 wie
613 3774 744 3831 hist.
784 3781 845 3844 3,
884 3782 943 3846 5,
990 3776 1141 3830 daun
1178 3775 1369 3832 Livius

239 3846 361 3900 und
402 3845 645 3900 Curtius.
715 3819 949 3915 Spatere
977 3846 1371 3902 konetruieren

241 3915 647 4041 figaintffl'flal'ev
679 3916 1014 3972 interiacere
1050 3917 1165 3971 und
1200 3916 1370 3973 inter-

240 4006 267 4042 8
332 4003 412 4042 re.

314 4064 364 4113 2.
439 4058 711 4127 quaesito,
761 4058 869 4113 wie
925 4062 1110 4128 6,15.
1204 4059 1373 4115 Sonst

240 4127 529 4198 nirgends.

313 4205 364 4255 6.
424 4201 757 4280 per-missum
793 4199 914 4257 scil.
951 4206 1042 4256 est.
1082 4198 1188 4256 Die
1214 4199 1369 4256 Bitte

244 4269 343 4325 des
381 4268 673 4325 Arminius
709 4270 867 4325 ward
903 4272 1175 4341 gewahrt.

1477 3429 1651 3489 §.20

1550 3494 1649 3549 10.
1704 3501 1753 3548 3.
1817 3495 2021 3562 filium,
2067 3494 2320 3549 namlich
2356 3494 2600 3548 Thume-

1477 3564 1655 3704 11ἰοιέ88..
1691 3594 1759 3605 -
1819 3566 1936 3619 eius
1981 3564 2019 3618 i.
2068 3582 2115 3619 e.
2164 3564 2427 3632 Arminii,
2483 3563 2599 3635 vgl.

1549 3712 1601 3761 4.
1657 3706 1963 3785 penetrales
2003 3705 2343 3761 dichterisch
2385 3707 2476 3761 ffir
2508 3723 2598 3775 pe·

1478 3782 1659 3844 nates,
1707 3775 1830 3828 hier
1874 3774 1969 3829 die
2020 3775 2346 3831 nationalen
2383 3777 2598 3832 Gotter.

1552 3854 1601 3902 8.
1641 3846 2047 3914 cohibebantur,
2073 3848 2140 3900 m·
2157 3878 2226 3887 —
2252 3848 2599 3903 adtinuieeet.

1478 3916 1609 3987 Vgl.
1648 3916 1791 3972 Einl.
1828 3921 1875 3981 ξ.
1919 3922 2038 3985 103,
2078 3922 2127 3972 1.

1554 3993 1638 4043 12.
1703 3988 2025 4043 inter-iacere
2069 3985 2145 4043 ist
2177 3986 2239 4041 in
2275 3986 2459 4041 dieser
2494 3987 2598 4041 Be-

1479 4060 1734 4129 deutung
1770 4057 2103 4114 Taciteisch.
2172 4057 2301 4142 Vgl.
2343 4064 2391 4125 1,
2429 4063 2497 4112 23
2534 4058 2602 4112 m·

1479 4132 1632 4185 miles
1677 4147 1862 4200 preces
1905 4136 1956 4186 et
2002 4131 2184 4185 minas
2229 4129 2597 4185 interiecisset.

1550 4201 1647 4256 11.
1704 4207 1754 4256 2.
1828 4203 1964 4257 dare
2006 4202 2072 4256 in
2117 4201 2441 4267 discrimen,
2488 4198 2597 4255 wie

1480 4276 1675 4341 12,14
1711 4289 1826 4328 rem
1858 4274 1924 4326 in
1959 4288 2146 4327 casum
2180 4271 2331 4327 dare.
