2867 4625
1030 112 1249 170 LIBER
1273 114 1369 170 IV.
1434 112 1590 169 CAP.
1622 120 1850 170 69--7L

2494 113 2626 178 24⁷

268 278 404 343 bat.
506 299 624 343 nec
683 299 866 342 mora
927 278 1080 362 quin
1144 278 1617 361 decerneretur3
1681 280 1747 340 et
1809 276 2192 341 trahebatur
2259 274 2625 360 damnatus,

265 369 588 452 quantum
654 367 935 431 obducta
997 370 1175 432 veste
1241 370 1308 431 et
1382 365 1712 431 adstrictis
1777 365 2074 430 faucibus
2148 365 2273 430 niti
2348 369 2625 451 poterat,
2660 381 2696 431 5

264 456 616 521 clamitans
654 456 748 520 sic
784 455 1080 521 inchoari
1118 477 1378 539 annum,
1412 455 1533 520 has
1572 452 1804 519 Seiano
1843 454 2146 519 victimas
2185 452 2430 519 cadere.
2496 476 2623 541 quo

265 544 659 625 intendisset
704 544 952 629 oculoS‚
1000 566 1127 628 quo
1173 545 1373 609 verba
1419 545 1809 627 acciderent,
1855 542 2015 628 fuga
2059 544 2369 628 vastitas,
2417 542 2627 609 deseri

259 633 509 698 itinera
551 633 711 698 fora.
793 637 860 697 et
896 634 1157 719 quidam
1202 632 1734 718 regrediebantur
1779 631 2329 717 ostentabantque
2374 653 2443 697 se
2488 655 2624 697 rur-

259 744 445 806 sum,
506 722 571 785 id
628 724 843 807 ipsum
897 725 1208 808 paventes
1270 721 1443 807 quod
1500 722 1888 786 timuissent.
1980 743 2174 806 quem
2233 721 2406 785 enim
2454 721 2624 786 diem

258 833 546 877 vacuum
600 833 835 896 poena,
889 812 1006 877 ubi
1060 811 1231 876 inter
1286 833 1469 876 sacra
1525 813 1591 876 et
1636 814 1817 894 vota,
1873 831 2001 895 quo
2056 813 2349 895 tempore
2402 811 2620 876 verbis
2661 826 2731 878 10

257 900 471 965 etiam
506 901 800 985 profanis
848 901 1163 965 abstineri
1206 922 1348 966 mos
1371 934 1377 942 ·
1397 905 1587 985 esset,
1633 901 1850 965 vincla
1895 903 1961 964 et
2006 900 2273 982 laqueus
2319 898 2624 965 inducan-

260 989 422 1054 tur?
509 1010 643 1055 non
684 991 1140 1075 inprudentem
1185 989 1521 1054 Tiberium
1566 992 1819 1054 tantam
1866 986 2179 1052 invidiam
2226 986 2464 1072 adisse,
2511 988 2625 1053 sed

259 1079 639 1163 quaesitum
718 1077 1258 1164 meditatumque,
1339 1100 1420 1144 ne
1498 1077 1650 1164 quid
1733 1077 2045 1162 impedire
2121 1077 2421 1140 credatur
2494 1098 2622 1162 quo

260 1167 492 1233 minus
535 1169 689 1233 novi
735 1168 1178 1252 magistratuS,
1226 1190 1353 1253 quo
1398 1167 1593 1232 modo
1642 1166 1907 1232 delubra
1953 1171 2019 1231 et
2057 1165 2313 1249 altaria,
2351 1165 2446 1230 sic
2483 1187 2625 1230 car-

257 1278 483 1322 cerem
539 1257 889 1322 recludant.
965 1261 1221 1321 secutae
1266 1258 1534 1340 insuper
1578 1256 1836 1321 litterae
1882 1258 2103 1339 grates
2141 1254 2415 1339 agentis,
2452 1254 2624 1340 quod
2664 1270 2731 1320 15

255 1345 599 1410 hominem
654 1345 977 1411 infensum
1023 1345 1119 1410 rei
1163 1346 1464 1430 publicae
1509 1345 1943 1429 punivissent‚
2000 1342 2252 1409 adiecto
2298 1343 2622 1428 trepidam

256 1435 396 1499 sibi
432 1435 655 1519 vitam,
690 1438 1022 1518 suspectas
1058 1435 1470 1501 inimicorum
1506 1434 1796 1517 insidias,
1831 1433 2010 1497 nullo
2048 1432 2436 1497 nominatim
2476 1453 2623 1497 con-

252 1523 541 1608 pellato3
587 1544 793 1608 neque
852 1527 1074 1588 tamen
1118 1523 1542 1589 dubitabatur
1585 1523 1657 1587 in
1702 1520 2032 1587 Neronem
2079 1524 2146 1586 et
2191 1521 2623 1607 Agrippinam

250 1611 533 1677 intendi.

446 1699 538 1765 Ni
583 1701 745 1766 mihi
782 1699 1176 1767 destinatum
1210 1701 1383 1767 foret
1422 1723 1609 1766 suum
1646 1720 1935 1785 quaeque
1971 1699 2041 1763 in
2079 1720 2325 1764 annum
2361 1698 2622 1782 referre,
2643 1701 2725 1765 71

253 1790 504 1855 avebat
550 1790 805 1855 animus
862 1791 1071 1855 antire
1129 1791 1480 1875 statimque
1533 1810 1891 1854 memorare
1939 1788 2179 1873 exitus,
2234 1810 2398 1873 quos
2444 1787 2620 1852 Lati-

252 1879 414 1944 nius
479 1881 671 1963 atque
726 1878 964 1964 Opsius
1021 1880 1344 1964 ceterique
1406 1879 1645 1962 flagitii
1700 1879 1837 1943 eius
1891 1881 2258 1962 repertores
2315 1877 2620 1961 habuere,

249 1989 400 2033 non
457 1969 651 2035 modo
696 1970 1043 2054 postquam
1090 1967 1294 2032 Gaius
1341 1966 1585 2034 Caesar
1629 1988 1846 2031 rerum
1892 1966 2140 2051 potitus
2189 1969 2318 2045 est,
2365 1966 2479 2030 sed
2524 1967 2618 2030 in·

250 2058 509 2123 columi
570 2057 861 2136 Tiberio,
923 2063 1034 2141 qui
1095 2057 1408 2122 scelerum
1472 2056 1807 2120 ministros
1868 2059 1943 2120 ut
2000 2055 2284 2140 perverti
2331 2055 2413 2119 ab
2471 2055 2615 2119 aliis
2655 2073 2690 2123 5

250 2146 561 2230 nolebat,
605 2147 701 2211 ita
744 2146 1130 2231 plerumque
1178 2146 1454 2211 satiatus
1502 2148 1568 2209 et
1613 2144 1853 2210 oblatis
1911 2145 1978 2208 in
2038 2143 2306 2208 eandem
2354 2164 2619 2227 operam

253 2236 633 2300 recentibus
697 2238 946 2300 veteres
1012 2239 1080 2299 et
1141 2255 1531 2321 praegraves
1598 2233 1878 2320 adflixit3
1951 2252 2175 2297 verum
2238 2231 2358 2296 has
2425 2235 2619 2316 atque

255 2324 429 2390 alias
477 2325 762 2391 sontium
810 2346 1055 2410 poenas
1101 2324 1171 2388 in
1214 2327 1509 2408 tempore
1554 2323 1905 2388 trademus.
1994 2324 2133 2387 tum
2167 2321 2429 2386 vcensuit
2474 2321 2619 2386 Asi-

256 2413 412 2480 nius
459 2413 703 2497 GalluS,
748 2414 932 2480 cuius
978 2414 1332 2478 liberorum
1377 2412 1748 2498 Agrippina
1793 2415 2140 2476 matertera
2184 2413 2343 2494 erat,
2387 2414 2606 2494 peten-

256 2503 418 2568 dum
465 2526 504 2568 a
548 2503 842 2588 principe
898 2505 975 2567 ut
1033 2506 1247 2567 metus
1307 2523 1460 2567 suos
1525 2500 1779 2566 senatui
1834 2500 2150 2564 fateretur
2205 2499 2615 2582 amoverique

254 2592 517 2657 sineret.
597 2593 843 2657 nullam
898 2612 1098 2677 aeque
1144 2590 1464 2674 Tiberius,
1507 2593 1581 2654 ut
1627 2590 1910 2673 rebatur,
1956 2610 2033 2653 ex
2077 2588 2431 2653 virtutibus
2480 2587 2616 2652 suis

334 2807 383 2856 5.
451 2802 733 2858 adstrictis
758 2803 1033 2869 faucibus.
1090 2801 1204 2856 Der
1231 2801 1378 2855 Hen-

257 2873 365 2927 ker
390 2873 493 2927 hat
518 2872 638 2927 ihm
664 2872 818 2928 beim
838 2873 1186 2942 Wegffihren
1209 2873 1379 2927 sehon

257 2944 374 2998 den
403 2942 607 3013 Strick,
644 2944 750 2999 mit
777 2945 905 2998 dem
933 2961 993 2999 er
1027 2944 1107 2999 im
1136 2942 1382 3014 Gesang·

255 3015 412 3070 nisse
467 3015 767 3071 erdrosselt
817 3015 1042 3070 werden
1099 3015 1231 3083 soll,
1287 3031 1385 3069 um

252 3086 369 3141 den
414 3083 553 3140 Hals
600 3086 805 3157 gelegt.
866 3117 934 3127 —
989 3084 1098 3140 Dio
1151 3087 1383 3151 erzahlt,

256 3156 352 3211 die
389 3157 598 3212 Leiche
645 3157 741 3211 des
782 3156 1021 3212 Sabinus
1070 3156 1150 3212 sei
1195 3158 1255 3212 in
1292 3156 1385 3211 die

252 3227 429 3283 Tiber
454 3228 739 3298 geworfen
765 3229 882 3282 und
909 3229 1029 3283 sein
1057 3228 1244 3295 Hand,
1284 3226 1384 3282 der

255 3301 378 3354 ihm
418 3298 594 3353 dahin
639 3297 884 3369 gesolgt‚
941 3298 1023 3354 sei
1059 3299 1180 3353 ihm
1215 3298 1383 3354 nach-

248 3387 634 3441 gesprungen.

329 3457 380 3505 6.
448 3466 557 3520 quo
582 3450 900 3505 intendisset
926 3454 1017 3505 ctt.
1084 3435 1236 3504 Uber
1274 3452 1384 3506 den

250 3520 611 3591 Konjunktiv
647 3540 689 3576 s.
727 3519 877 3578 Einl.
914 3526 960 3587 ξ.
1000 3525 1086 3576 85.

331 3615 437 3678 12,
456 3625 573 3664 non
599 3611 981 3679 inprudentem
1008 3609 1205 3678 „nicht
1232 3609 1379 3666 ohne

249 3680 550 3735 Absicht“.

327 3766 419 3814 16.
476 3760 687 3815 adiecto
721 3758 801 3814 ist
836 3760 920 3814 als
956 3760 1243 3816 absolutor
1269 3762 1379 3815 Ab·

249 3830 400 3886 lativ
447 3826 548 3886 ἅπ.
588 3829 708 3900 elo„
753 3832 900 3885 nach
945 3830 1224 3901 Analogia
1268 3848 1380 3886 von

246 3904 467 3970 addite,
485 3902 728 3956 welches
746 3901 972 3956 Tacitus
987 3903 1107 3957 vier
1125 3903 1242 3957 Mal
1260 3902 1377 3959 hat.

324 3997 415 4045 19.
488 3991 719 4045 intendi.
795 3978 947 4045 Uber
983 3989 1094 4044 den
1128 3990 1380 4045 Infinitiv

246 4063 405 4116 nach
469 4061 581 4114 den
643 4060 950 4131 negativen
1011 4062 1380 4118 Ausdrt’icken

243 4133 351 4189 des
393 4131 693 4187 Zweifelns
731 4150 774 4189 s.
811 4132 958 4186 Einl.
998 4137 1045 4197 §—
1086 4137 1170 4187 80.

307 4221 424 4278 71.
484 4227 534 4277 2.
583 4219 791 4275 avebat.
838 4220 954 4275 Der
971 4220 1255 4276 Indikativ
1276 4221 1375 4276 des

241 4292 481 4364 Imperf.
530 4291 857 4347 bezeichnet
910 4292 1001 4347 die
1046 4291 1133 4347 bis
1178 4292 1240 4346 in
1284 4294 1375 4347 die

1491 2799 1833 2870 Gegenwart
1875 2796 2373 2852 hincinreichende
2419 2797 2615 2851 Hand-

1490 2872 1655 2941 lung,
1693 2886 1809 2925 was
1845 2870 2050 2923 hochst
2097 2867 2277 2924 selten
2313 2866 2407 2922 ist.
2482 2867 2613 2937 Vgl.

1492 2941 1603 2999 Cic.
1654 2942 1723 2996 de
1771 2940 1863 2996 off.
1911 2946 1971 3009 2,
2031 2945 2122 3007 19,
2178 2944 2245 2994 67
2293 2940 2617 2994 admonebat

1491 3031 1573 3069 me
1618 3030 1706 3069 res
1757 3018 1822 3068 ut
1864 3013 1965 3067 hoc
2017 3026 2229 3081 quoque
2277 3011 2391 3065 loco
2445 3012 2615 3065 inter-

1490 3086 1798 3141 missionem
1853 3084 2189 3154 eloquentiae
2232 3112 2302 3123 —-
2366 3082 2616 3150 deplora·

1491 3174 1629 3225 rem,
1665 3158 1731 3212 ni
1766 3171 1974 3212 vererer
2018 3171 2086 3209 ne
2120 3154 2189 3210 de
2233 3170 2316 3207 me
2350 3154 2472 3221 ipso
2507 3153 2612 3207 ali-

1490 3229 1628 3298 quid
1661 3229 1877 3283 viderer
1910 3228 2082 3296 queri.
2158 3224 2215 3279 S.
2243 3223 2477 3294 Madvig
2512 3223 2613 3279 lat.

1492 3299 1740 3354 Gramm.
1780 3304 1827 3364 ὅ.
1867 3304 1990 3366 348,
2027 3297 2081 3353 b.

1561 3393 1614 3443 4.
1650 3388 1915 3442 ineolumi
1945 3385 2178 3441 Tiberio.
2218 3382 2352 3438 Dies
2371 3382 2482 3453 gilt
2510 3401 2617 3438 nur

1490 3474 1603 3512 von
1639 3456 1916 3522 Latiaris,
1964 3456 2063 3510 der
2107 3455 2187 3509 im
2222 3454 2273 3508 J.
2305 3460 2372 3509 32
2419 3470 2616 3509 verur-

1489 3530 1622 3584 teilt
1655 3528 1813 3584 wird.
1887 3527 2014 3597 vgl.
2055 3532 2103 3594 6,
2141 3530 2192 3580 4.

1564 3623 1611 3672 ’1.
1668 3616 1998 3690 praeqravis
2034 3614 2180 3669 auch
2215 3615 2270 3669 h.
2299 3619 2350 3683 2,
2389 3620 2458 3670 21
2497 3614 2614 3669 und

1488 3689 1611 3744 Liv.
1651 3693 1740 3756 44,
1777 3694 1826 3755 4,
1868 3691 1950 3742 10.

1563 3782 1614 3832 s.
1686 3764 1839 3831 Uber
1865 3774 2103 3831 Asinius
2130 3792 2172 3829 s.
2205 3780 2252 3843 1,
2285 3780 2350 3828 12
2380 3774 2494 3828 und
2525 3778 2609 3827 13.

1487 3849 1564 3903 Er
1605 3848 1766 3903 hatte
1814 3846 1906 3902 die
1941 3845 2237 3916 Vipsania,
2297 3844 2613 3900 Schwester

1487 3919 1588 3975 der
1623 3918 1937 4001 Agrippina
1973 3917 2090 3972 und
2127 3915 2276 3972 einst
2312 3914 2611 3970 Gemahlin

1489 3992 1587 4046 des
1634 3991 1918 4059 Tiberius,
1973 3988 2315 4060 geheiratet3
2371 3985 2611 4055 folglich

1486 4079 1604 4117 war
1658 4062 1973 4132 Agrippina
2036 4059 2128 4114 die
2182 4059 2362 4112 Tante
2426 4055 2610 4111 seiner

1486 4133 1701 4189 Kinder
1737 4135 1873 4189 oder
1908 4131 2060 4186 seine
2099 4127 2496 4198 Schwiegerin.

1561 4225 1643 4273 11.
1715 4226 1779 4275 nt
1813 4220 2038 4273 rebatur
2072 4216 2271 4286 „seins
2307 4215 2609 4271 vermeint-

1485 4290 1724 4346 lichen“.
1781 4291 1858 4344 Er
1885 4288 2098 4343 konnte
2129 4304 2186 4343 es
2213 4284 2374 4342 nicht
2398 4287 2608 4356 leiden,

2658 2523 2724 2573 10
