<?xml version="1.0" encoding="UTF-8"?>
<!DOCTYPE html PUBLIC "-//W3C//DTD XHTML 1.0 Transitional//EN"
    "http://www.w3.org/TR/xhtml1/DTD/xhtml1-transitional.dtd">
<html xmlns="http://www.w3.org/1999/xhtml" xml:lang="en" lang="en">
 <head>
  <title>
</title>
<meta http-equiv="Content-Type" content="text/html;charset=utf-8" />
  <meta name='ocr-system' content='tesseract 3.04.00' />
  <meta name='ocr-capabilities' content='ocr_page ocr_carea ocr_par ocr_line ocrx_word'/>
</head>
<body>
  <div class='ocr_page' id='page_1' title='image "./dieannalendesta00draegoog_0467.png"; bbox 0 0 2867 4625; ppageno 0'>
   <div class='ocr_carea' id='block_1_1' title="bbox 932 116 1806 173">
    <p class='ocr_par' dir='ltr' id='par_1_1' title="bbox 932 116 1806 173">
     <span class='ocr_line' id='line_1_1' title="bbox 932 116 1806 173; baseline 0.003 -3"><span class='ocrx_word' id='word_1_1' title='bbox 932 116 1152 172; x_wconf 84' lang='lat' dir='ltr'>LIBER</span> <span class='ocrx_word' id='word_1_2' title='bbox 1186 117 1331 173; x_wconf 89' lang='lat' dir='ltr'><strong>XIV.</strong></span> <span class='ocrx_word' id='word_1_3' title='bbox 1381 116 1539 172; x_wconf 87' lang='lat' dir='ltr'><strong>CAP.</strong></span> <span class='ocrx_word' id='word_1_4' title='bbox 1576 122 1806 173; x_wconf 77' lang='lat'><strong>48—52.</strong></span> 
     </span>
    </p>
   </div>
   <div class='ocr_carea' id='block_1_2' title="bbox 2420 116 2548 183">
    <p class='ocr_par' dir='ltr' id='par_1_2' title="bbox 2420 116 2548 183">
     <span class='ocr_line' id='line_1_2' title="bbox 2420 116 2548 183; baseline -0.016 0"><span class='ocrx_word' id='word_1_5' title='bbox 2420 116 2548 183; x_wconf 81' lang='lat'><strong>157</strong></span> 
     </span>
    </p>
   </div>
   <div class='ocr_carea' id='block_1_3' title="bbox 91 279 2621 455">
    <p class='ocr_par' dir='ltr' id='par_1_3' title="bbox 91 279 2621 455">
     <span class='ocr_line' id='line_1_3' title="bbox 91 279 2621 365; baseline 0.002 -22"><span class='ocrx_word' id='word_1_6' title='bbox 91 336 99 343; x_wconf 86' lang='lat'><strong>.</strong></span> <span class='ocrx_word' id='word_1_7' title='bbox 186 281 575 347; x_wconf 83' lang='lat' dir='ltr'><strong>scenderum</strong></span> <span class='ocrx_word' id='word_1_8' title='bbox 631 281 955 348; x_wconf 90' lang='lat' dir='ltr'><strong>honorum</strong></span> <span class='ocrx_word' id='word_1_9' title='bbox 1010 282 1129 346; x_wconf 94' lang='lat' dir='ltr'><strong>ius.</strong></span> <span class='ocrx_word' id='word_1_10' title='bbox 1220 302 1386 365; x_wconf 88' lang='lat' dir='ltr'><strong>quae</strong></span> <span class='ocrx_word' id='word_1_11' title='bbox 1442 302 1637 345; x_wconf 89' lang='lat' dir='ltr'><strong>causa</strong></span> <span class='ocrx_word' id='word_1_12' title='bbox 1680 279 1929 345; x_wconf 84' lang='lat' dir='ltr'>Neroni</span> <span class='ocrx_word' id='word_1_13' title='bbox 1982 279 2111 345; x_wconf 88' lang='lat' dir='ltr'><strong>fuit</strong></span> <span class='ocrx_word' id='word_1_14' title='bbox 2156 280 2550 365; x_wconf 86' lang='lat' dir='ltr'><strong>suscipiendi</strong></span> <span class='ocrx_word' id='word_1_15' title='bbox 2588 297 2621 347; x_wconf 78' lang='grc' dir='ltr'>ὅ</span> 
     </span>
     <span class='ocr_line' id='line_1_4' title="bbox 186 369 2551 455; baseline 0 -21"><span class='ocrx_word' id='word_1_16' title='bbox 186 370 427 455; x_wconf 91' lang='lat' dir='ltr'><strong>iudicii,</strong></span> <span class='ocrx_word' id='word_1_17' title='bbox 471 372 963 455; x_wconf 84' lang='lat' dir='ltr'><strong>convictumque</strong></span> <span class='ocrx_word' id='word_1_18' title='bbox 999 369 1427 435; x_wconf 89' lang='lat' dir='ltr'><strong>Veientonem</strong></span> <span class='ocrx_word' id='word_1_19' title='bbox 1474 369 1672 434; x_wconf 89' lang='lat' dir='ltr'><strong>Italia</strong></span> <span class='ocrx_word' id='word_1_20' title='bbox 1716 369 1965 454; x_wconf 84' lang='lat' dir='ltr'><strong>depulit</strong></span> <span class='ocrx_word' id='word_1_21' title='bbox 2009 374 2077 434; x_wconf 88' lang='lat' dir='ltr'><strong>et</strong></span> <span class='ocrx_word' id='word_1_22' title='bbox 2120 370 2325 435; x_wconf 90' lang='lat' dir='ltr'><strong>libros</strong></span> <span class='ocrx_word' id='word_1_23' title='bbox 2372 371 2551 435; x_wconf 82' lang='lat' dir='ltr'><strong>exuri</strong></span> 
     </span>
    </p>
   </div>
   <div class='ocr_carea' id='block_1_4' title="bbox 186 458 2551 614">
    <p class='ocr_par' dir='ltr' id='par_1_4' title="bbox 186 458 2551 614">
     <span class='ocr_line' id='line_1_5' title="bbox 189 458 2551 545; baseline 0 -22"><span class='ocrx_word' id='word_1_24' title='bbox 189 459 410 543; x_wconf 90' lang='lat' dir='ltr'><strong>iussit,</strong></span> <span class='ocrx_word' id='word_1_25' title='bbox 466 460 867 545; x_wconf 88' lang='lat' dir='ltr'><strong>conquisitos</strong></span> <span class='ocrx_word' id='word_1_26' title='bbox 918 459 1399 544; x_wconf 88' lang='lat' dir='ltr'><strong>lectitatosque,</strong></span> <span class='ocrx_word' id='word_1_27' title='bbox 1456 458 1657 524; x_wconf 90' lang='lat' dir='ltr'><strong>donec</strong></span> <span class='ocrx_word' id='word_1_28' title='bbox 1702 480 1848 523; x_wconf 89' lang='lat' dir='ltr'><strong>cum</strong></span> <span class='ocrx_word' id='word_1_29' title='bbox 1895 459 2183 541; x_wconf 87' lang='lat' dir='ltr'><strong>periculo</strong></span> <span class='ocrx_word' id='word_1_30' title='bbox 2229 460 2551 543; x_wconf 88' lang='lat' dir='ltr'><strong>paraban-</strong></span> 
     </span>
     <span class='ocr_line' id='line_1_6' title="bbox 186 548 1891 614; baseline -0.001 -2"><span class='ocrx_word' id='word_1_31' title='bbox 186 551 324 613; x_wconf 86' lang='lat' dir='ltr'><strong>tur:</strong></span> <span class='ocrx_word' id='word_1_32' title='bbox 374 569 526 613; x_wconf 82' lang='lat' dir='ltr'><strong>mox</strong></span> <span class='ocrx_word' id='word_1_33' title='bbox 571 548 837 614; x_wconf 87' lang='lat' dir='ltr'><strong>licentia</strong></span> <span class='ocrx_word' id='word_1_34' title='bbox 880 548 1166 613; x_wconf 90' lang='lat' dir='ltr'><strong>habendi</strong></span> <span class='ocrx_word' id='word_1_35' title='bbox 1213 548 1605 613; x_wconf 85' lang='lat' dir='ltr'><strong>oblivionem</strong></span> <span class='ocrx_word' id='word_1_36' title='bbox 1652 548 1891 612; x_wconf 88' lang='lat' dir='ltr'><strong>attulit.</strong></span> 
     </span>
    </p>
   </div>
   <div class='ocr_carea' id='block_1_5' title="bbox 370 634 2653 723">
    <p class='ocr_par' dir='ltr' id='par_1_5' title="bbox 370 634 2653 723">
     <span class='ocr_line' id='line_1_7' title="bbox 370 634 2653 723; baseline 0 -21"><span class='ocrx_word' id='word_1_37' title='bbox 370 634 498 702; x_wconf 88' lang='lat' dir='ltr'><strong>Sed</strong></span> <span class='ocrx_word' id='word_1_38' title='bbox 544 637 1075 723; x_wconf 77' lang='lat' dir='ltr'><strong>gravescentibus</strong></span> <span class='ocrx_word' id='word_1_39' title='bbox 1120 638 1190 701; x_wconf 90' lang='lat' dir='ltr'><strong>in</strong></span> <span class='ocrx_word' id='word_1_40' title='bbox 1237 637 1375 702; x_wconf 90' lang='lat' dir='ltr'><strong>dies</strong></span> <span class='ocrx_word' id='word_1_41' title='bbox 1421 637 1699 721; x_wconf 89' lang='lat' dir='ltr'><strong>publicis</strong></span> <span class='ocrx_word' id='word_1_42' title='bbox 1745 636 1934 701; x_wconf 88' lang='lat' dir='ltr'><strong>malis</strong></span> <span class='ocrx_word' id='word_1_43' title='bbox 1974 635 2262 700; x_wconf 88' lang='lat' dir='ltr'><strong>subsidia</strong></span> <span class='ocrx_word' id='word_1_44' title='bbox 2298 637 2546 701; x_wconf 90' lang='lat' dir='ltr'><strong>minue·</strong></span> <span class='ocrx_word' id='word_1_45' title='bbox 2569 639 2653 704; x_wconf 85' lang='lat'><strong>51</strong></span> 
     </span>
    </p>
   </div>
   <div class='ocr_carea' id='block_1_6' title="bbox 178 724 2620 1434">
    <p class='ocr_par' dir='ltr' id='par_1_6' title="bbox 178 724 2620 1434">
     <span class='ocr_line' id='line_1_8' title="bbox 193 724 2551 811; baseline 0 -21"><span class='ocrx_word' id='word_1_46' title='bbox 193 726 466 810; x_wconf 86' lang='lat' dir='ltr'><strong>bantur,</strong></span> <span class='ocrx_word' id='word_1_47' title='bbox 524 726 970 811; x_wconf 72' lang='lat' dir='ltr'><strong>concessitque</strong></span> <span class='ocrx_word' id='word_1_48' title='bbox 1014 726 1151 792; x_wconf 82' lang='lat' dir='ltr'><strong>vita</strong></span> <span class='ocrx_word' id='word_1_49' title='bbox 1195 724 1471 810; x_wconf 87' lang='lat' dir='ltr'><strong>Burrus,</strong></span> <span class='ocrx_word' id='word_1_50' title='bbox 1525 726 1844 790; x_wconf 86' lang='lat' dir='ltr'><strong>incertum</strong></span> <span class='ocrx_word' id='word_1_51' title='bbox 1890 724 2258 791; x_wconf 82' lang='lat' dir='ltr'><strong>valetudine</strong></span> <span class='ocrx_word' id='word_1_52' title='bbox 2315 746 2402 789; x_wconf 89' lang='lat' dir='ltr'><strong>an</strong></span> <span class='ocrx_word' id='word_1_53' title='bbox 2447 747 2551 791; x_wconf 85' lang='lat' dir='ltr'><strong>ve·</strong></span> 
     </span>
     <span class='ocr_line' id='line_1_9' title="bbox 188 814 2550 898; baseline 0.001 -20"><span class='ocrx_word' id='word_1_54' title='bbox 188 836 382 881; x_wconf 89' lang='lat' dir='ltr'><strong>neno.</strong></span> <span class='ocrx_word' id='word_1_55' title='bbox 453 816 756 881; x_wconf 81' lang='lat' dir='ltr'><strong>valetudo</strong></span> <span class='ocrx_word' id='word_1_56' title='bbox 803 836 883 880; x_wconf 86' lang='lat' dir='ltr'><strong>ex</strong></span> <span class='ocrx_word' id='word_1_57' title='bbox 929 836 1005 880; x_wconf 91' lang='lat' dir='ltr'><strong>eo</strong></span> <span class='ocrx_word' id='word_1_58' title='bbox 1045 815 1556 898; x_wconf 85' lang='lat' dir='ltr'><strong>coniectabatur,</strong></span> <span class='ocrx_word' id='word_1_59' title='bbox 1603 814 1773 898; x_wconf 91' lang='lat' dir='ltr'><strong>quod</strong></span> <span class='ocrx_word' id='word_1_60' title='bbox 1819 814 1892 878; x_wconf 90' lang='lat' dir='ltr'><strong>in</strong></span> <span class='ocrx_word' id='word_1_61' title='bbox 1927 835 1997 879; x_wconf 93' lang='lat' dir='ltr'><strong>se</strong></span> <span class='ocrx_word' id='word_1_62' title='bbox 2037 815 2550 881; x_wconf 87' lang='lat' dir='ltr'><strong>tumescentibus</strong></span> 
     </span>
     <span class='ocr_line' id='line_1_10' title="bbox 184 902 2548 989; baseline 0.001 -22"><span class='ocrx_word' id='word_1_63' title='bbox 184 902 510 987; x_wconf 87' lang='lat' dir='ltr'><strong>paulatim</strong></span> <span class='ocrx_word' id='word_1_64' title='bbox 552 904 852 970; x_wconf 84' lang='lat' dir='ltr'><strong>faucibus</strong></span> <span class='ocrx_word' id='word_1_65' title='bbox 902 909 969 969; x_wconf 92' lang='lat' dir='ltr'><strong>et</strong></span> <span class='ocrx_word' id='word_1_66' title='bbox 1011 903 1327 989; x_wconf 88' lang='lat' dir='ltr'><strong>impedito</strong></span> <span class='ocrx_word' id='word_1_67' title='bbox 1375 907 1595 968; x_wconf 83' lang='lat' dir='ltr'><strong>meatu</strong></span> <span class='ocrx_word' id='word_1_68' title='bbox 1641 903 1943 986; x_wconf 88' lang='lat' dir='ltr'><strong>spiritum</strong></span> <span class='ocrx_word' id='word_1_69' title='bbox 1988 903 2274 968; x_wconf 89' lang='lat' dir='ltr'><strong>finiebat.</strong></span> <span class='ocrx_word' id='word_1_70' title='bbox 2330 902 2548 986; x_wconf 87' lang='lat' dir='ltr'><strong>plures</strong></span> 
     </span>
     <span class='ocr_line' id='line_1_11' title="bbox 181 991 2620 1078; baseline 0.001 -21"><span class='ocrx_word' id='word_1_71' title='bbox 181 993 371 1058; x_wconf 90' lang='lat' dir='ltr'><strong>iussu</strong></span> <span class='ocrx_word' id='word_1_72' title='bbox 416 991 728 1077; x_wconf 90' lang='lat' dir='ltr'><strong>Neronis,</strong></span> <span class='ocrx_word' id='word_1_73' title='bbox 782 994 970 1078; x_wconf 84' lang='lat' dir='ltr'><strong>quasi</strong></span> <span class='ocrx_word' id='word_1_74' title='bbox 1023 993 1377 1058; x_wconf 88' lang='lat' dir='ltr'><strong>remedium</strong></span> <span class='ocrx_word' id='word_1_75' title='bbox 1433 992 1875 1075; x_wconf 75' lang='lat' dir='ltr'><strong>adhiberetur,</strong></span> <span class='ocrx_word' id='word_1_76' title='bbox 1933 991 2197 1056; x_wconf 90' lang='lat' dir='ltr'><strong>inlitum</strong></span> <span class='ocrx_word' id='word_1_77' title='bbox 2254 991 2549 1076; x_wconf 89' lang='lat' dir='ltr'><strong>palatum</strong></span> <span class='ocrx_word' id='word_1_78' title='bbox 2588 1009 2620 1059; x_wconf 79' lang='lat'><strong>5</strong></span> 
     </span>
     <span class='ocr_line' id='line_1_12' title="bbox 184 1078 2545 1166; baseline 0 -20"><span class='ocrx_word' id='word_1_79' title='bbox 184 1082 329 1147; x_wconf 89' lang='lat' dir='ltr'><strong>eius</strong></span> <span class='ocrx_word' id='word_1_80' title='bbox 377 1083 573 1149; x_wconf 83' lang='lat' dir='ltr'><strong>noxio</strong></span> <span class='ocrx_word' id='word_1_81' title='bbox 619 1082 1046 1148; x_wconf 78' lang='lat' dir='ltr'><strong>medicamine</strong></span> <span class='ocrx_word' id='word_1_82' title='bbox 1083 1082 1572 1166; x_wconf 82' lang='lat' dir='ltr'><strong>adseverabant,</strong></span> <span class='ocrx_word' id='word_1_83' title='bbox 1617 1085 1684 1146; x_wconf 90' lang='lat' dir='ltr'><strong>et</strong></span> <span class='ocrx_word' id='word_1_84' title='bbox 1717 1078 2001 1145; x_wconf 90' lang='lat' dir='ltr'><strong>Burrum</strong></span> <span class='ocrx_word' id='word_1_85' title='bbox 2036 1081 2371 1145; x_wconf 90' lang='lat' dir='ltr'><strong>intellecto</strong></span> <span class='ocrx_word' id='word_1_86' title='bbox 2409 1101 2545 1146; x_wconf 89' lang='lat' dir='ltr'><strong>sce-</strong></span> 
     </span>
     <span class='ocr_line' id='line_1_13' title="bbox 183 1169 2545 1255; baseline 0 -21"><span class='ocrx_word' id='word_1_87' title='bbox 183 1170 344 1255; x_wconf 86' lang='lat' dir='ltr'><strong>lere,</strong></span> <span class='ocrx_word' id='word_1_88' title='bbox 400 1192 546 1236; x_wconf 90' lang='lat' dir='ltr'><strong>cum</strong></span> <span class='ocrx_word' id='word_1_89' title='bbox 591 1172 673 1236; x_wconf 91' lang='lat' dir='ltr'><strong>ad</strong></span> <span class='ocrx_word' id='word_1_90' title='bbox 722 1170 1059 1236; x_wconf 85' lang='lat' dir='ltr'><strong>visendum</strong></span> <span class='ocrx_word' id='word_1_91' title='bbox 1103 1192 1251 1235; x_wconf 90' lang='lat' dir='ltr'><strong>eum</strong></span> <span class='ocrx_word' id='word_1_92' title='bbox 1304 1171 1608 1255; x_wconf 88' lang='lat' dir='ltr'><strong>princeps</strong></span> <span class='ocrx_word' id='word_1_93' title='bbox 1654 1170 1970 1254; x_wconf 83' lang='lat' dir='ltr'><strong>venisset,</strong></span> <span class='ocrx_word' id='word_1_94' title='bbox 2025 1172 2361 1252; x_wconf 87' lang='lat' dir='ltr'><strong>aspectum</strong></span> <span class='ocrx_word' id='word_1_95' title='bbox 2409 1169 2545 1235; x_wconf 89' lang='lat' dir='ltr'><strong>eius</strong></span> 
     </span>
     <span class='ocr_line' id='line_1_14' title="bbox 178 1257 2543 1344; baseline -0 -20"><span class='ocrx_word' id='word_1_96' title='bbox 178 1263 557 1324; x_wconf 80' lang='lat' dir='ltr'><strong>aversatum</strong></span> <span class='ocrx_word' id='word_1_97' title='bbox 630 1260 992 1326; x_wconf 82' lang='lat' dir='ltr'><strong>sciscitanti</strong></span> <span class='ocrx_word' id='word_1_98' title='bbox 1064 1260 1379 1325; x_wconf 90' lang='lat' dir='ltr'><strong>hactenus</strong></span> <span class='ocrx_word' id='word_1_99' title='bbox 1454 1258 1897 1344; x_wconf 85' lang='lat' dir='ltr'><strong>respondisse:</strong></span> <span class='ocrx_word' id='word_1_100' title='bbox 1970 1257 2124 1344; x_wconf 70' lang='lat' dir='ltr'><strong>‘ego</strong></span> <span class='ocrx_word' id='word_1_101' title='bbox 2201 1279 2303 1322; x_wconf 89' lang='lat' dir='ltr'><strong>me</strong></span> <span class='ocrx_word' id='word_1_102' title='bbox 2377 1258 2543 1323; x_wconf 91' lang='lat' dir='ltr'><strong>bene</strong></span> 
     </span>
     <span class='ocr_line' id='line_1_15' title="bbox 180 1347 2544 1434; baseline 0 -22"><span class='ocrx_word' id='word_1_103' title='bbox 180 1347 442 1414; x_wconf 68' lang='lat' dir='ltr'><strong>habeo?</strong></span> <span class='ocrx_word' id='word_1_104' title='bbox 525 1348 773 1414; x_wconf 84' lang='lat' dir='ltr'><strong>civitati</strong></span> <span class='ocrx_word' id='word_1_105' title='bbox 820 1348 1063 1434; x_wconf 79' lang='lat' dir='ltr'><strong>grande</strong></span> <span class='ocrx_word' id='word_1_106' title='bbox 1109 1348 1495 1414; x_wconf 89' lang='lat' dir='ltr'><strong>desiderium</strong></span> <span class='ocrx_word' id='word_1_107' title='bbox 1533 1349 1670 1412; x_wconf 88' lang='lat' dir='ltr'><strong>eius</strong></span> <span class='ocrx_word' id='word_1_108' title='bbox 1716 1349 1958 1412; x_wconf 88' lang='lat' dir='ltr'><strong>mansit</strong></span> <span class='ocrx_word' id='word_1_109' title='bbox 2001 1369 2118 1431; x_wconf 89' lang='lat' dir='ltr'><strong>per</strong></span> <span class='ocrx_word' id='word_1_110' title='bbox 2162 1348 2544 1412; x_wconf 88' lang='lat' dir='ltr'><strong>memoriam</strong></span> 
     </span>
    </p>
   </div>
   <div class='ocr_carea' id='block_1_7' title="bbox 182 1436 2654 1523">
    <p class='ocr_par' dir='ltr' id='par_1_7' title="bbox 182 1436 2654 1523">
     <span class='ocr_line' id='line_1_16' title="bbox 182 1436 2654 1523; baseline 0.001 -23"><span class='ocrx_word' id='word_1_111' title='bbox 182 1437 451 1502; x_wconf 81' lang='lat' dir='ltr'><strong>virtutis</strong></span> <span class='ocrx_word' id='word_1_112' title='bbox 498 1442 564 1502; x_wconf 90' lang='lat' dir='ltr'><strong>et</strong></span> <span class='ocrx_word' id='word_1_113' title='bbox 610 1459 1055 1504; x_wconf 90' lang='lat' dir='ltr'><strong>successorum</strong></span> <span class='ocrx_word' id='word_1_114' title='bbox 1107 1437 1375 1502; x_wconf 88' lang='lat' dir='ltr'><strong>alterius</strong></span> <span class='ocrx_word' id='word_1_115' title='bbox 1432 1457 1699 1523; x_wconf 83' lang='lat' dir='ltr'><strong>segnem</strong></span> <span class='ocrx_word' id='word_1_116' title='bbox 1756 1437 2223 1520; x_wconf 85' lang='lat' dir='ltr'><strong>innocentiam,</strong></span> <span class='ocrx_word' id='word_1_117' title='bbox 2280 1436 2545 1501; x_wconf 89' lang='lat' dir='ltr'><strong>alterius</strong></span> <span class='ocrx_word' id='word_1_118' title='bbox 2586 1454 2654 1504; x_wconf 89' lang='lat'><strong>10</strong></span> 
     </span>
    </p>
   </div>
   <div class='ocr_carea' id='block_1_8' title="bbox 175 1524 2548 1879">
    <p class='ocr_par' dir='ltr' id='par_1_8' title="bbox 175 1524 2548 1879">
     <span class='ocr_line' id='line_1_17' title="bbox 187 1524 2545 1612; baseline 0 -23"><span class='ocrx_word' id='word_1_119' title='bbox 187 1525 709 1611; x_wconf 86' lang='lat' dir='ltr'><strong>flagrantissima</strong></span> <span class='ocrx_word' id='word_1_120' title='bbox 751 1527 1023 1612; x_wconf 87' lang='lat' dir='ltr'><strong>flagitia.</strong></span> <span class='ocrx_word' id='word_1_121' title='bbox 1095 1528 1337 1611; x_wconf 88' lang='lat' dir='ltr'><strong>quippe</strong></span> <span class='ocrx_word' id='word_1_122' title='bbox 1383 1524 1627 1591; x_wconf 80' lang='lat' dir='ltr'><strong>Caesar</strong></span> <span class='ocrx_word' id='word_1_123' title='bbox 1671 1527 1832 1591; x_wconf 88' lang='lat' dir='ltr'><strong>duos</strong></span> <span class='ocrx_word' id='word_1_124' title='bbox 1877 1526 2221 1610; x_wconf 90' lang='lat' dir='ltr'><strong>praetoriis</strong></span> <span class='ocrx_word' id='word_1_125' title='bbox 2268 1524 2545 1591; x_wconf 89' lang='lat' dir='ltr'><strong>cohorti-</strong></span> 
     </span>
     <span class='ocr_line' id='line_1_18' title="bbox 176 1614 2548 1700; baseline 0 -22"><span class='ocrx_word' id='word_1_126' title='bbox 176 1614 305 1678; x_wconf 86' lang='lat' dir='ltr'><strong>bus</strong></span> <span class='ocrx_word' id='word_1_127' title='bbox 363 1615 788 1699; x_wconf 87' lang='lat' dir='ltr'><strong>imposuerat,</strong></span> <span class='ocrx_word' id='word_1_128' title='bbox 851 1614 1164 1681; x_wconf 86' lang='lat' dir='ltr'><strong>Faenium</strong></span> <span class='ocrx_word' id='word_1_129' title='bbox 1218 1615 1464 1680; x_wconf 88' lang='lat' dir='ltr'><strong>Rufum</strong></span> <span class='ocrx_word' id='word_1_130' title='bbox 1522 1637 1599 1679; x_wconf 82' lang='lat' dir='ltr'><strong>ex</strong></span> <span class='ocrx_word' id='word_1_131' title='bbox 1652 1614 1834 1700; x_wconf 82' lang='lat' dir='ltr'><strong>vulgi</strong></span> <span class='ocrx_word' id='word_1_132' title='bbox 1888 1614 2137 1697; x_wconf 84' lang='lat' dir='ltr'><strong>favore,</strong></span> <span class='ocrx_word' id='word_1_133' title='bbox 2203 1614 2356 1698; x_wconf 91' lang='lat' dir='ltr'><strong>quia</strong></span> <span class='ocrx_word' id='word_1_134' title='bbox 2408 1635 2548 1678; x_wconf 88' lang='lat' dir='ltr'><strong>rem</strong></span> 
     </span>
     <span class='ocr_line' id='line_1_19' title="bbox 175 1702 2547 1789; baseline 0 -22"><span class='ocrx_word' id='word_1_135' title='bbox 175 1703 679 1769; x_wconf 86' lang='lat' dir='ltr'><strong>frumentariam</strong></span> <span class='ocrx_word' id='word_1_136' title='bbox 746 1705 887 1770; x_wconf 90' lang='lat' dir='ltr'><strong>sine</strong></span> <span class='ocrx_word' id='word_1_137' title='bbox 961 1707 1236 1789; x_wconf 90' lang='lat' dir='ltr'><strong>quaestu</strong></span> <span class='ocrx_word' id='word_1_138' title='bbox 1297 1705 1654 1786; x_wconf 88' lang='lat' dir='ltr'><strong>tractabat,</strong></span> <span class='ocrx_word' id='word_1_139' title='bbox 1728 1702 2067 1769; x_wconf 84' lang='lat' dir='ltr'><strong>Sofonium</strong></span> <span class='ocrx_word' id='word_1_140' title='bbox 2131 1702 2547 1788; x_wconf 82' lang='lat' dir='ltr'><strong>Tigellinum,</strong></span> 
     </span>
     <span class='ocr_line' id='line_1_20' title="bbox 177 1793 2548 1879; baseline 0 -23"><span class='ocrx_word' id='word_1_141' title='bbox 177 1796 466 1857; x_wconf 79' lang='lat' dir='ltr'><strong>veterem</strong></span> <span class='ocrx_word' id='word_1_142' title='bbox 512 1793 963 1877; x_wconf 88' lang='lat' dir='ltr'><strong>inpudicitiam</strong></span> <span class='ocrx_word' id='word_1_143' title='bbox 1009 1797 1204 1879; x_wconf 89' lang='lat' dir='ltr'><strong>atque</strong></span> <span class='ocrx_word' id='word_1_144' title='bbox 1250 1793 1588 1858; x_wconf 86' lang='lat' dir='ltr'><strong>infamiam</strong></span> <span class='ocrx_word' id='word_1_145' title='bbox 1634 1793 1703 1857; x_wconf 89' lang='lat' dir='ltr'><strong>in</strong></span> <span class='ocrx_word' id='word_1_146' title='bbox 1748 1814 1824 1858; x_wconf 93' lang='lat' dir='ltr'><strong>eo</strong></span> <span class='ocrx_word' id='word_1_147' title='bbox 1873 1795 2149 1857; x_wconf 88' lang='lat' dir='ltr'><strong>secutus.</strong></span> <span class='ocrx_word' id='word_1_148' title='bbox 2208 1795 2402 1877; x_wconf 90' lang='lat' dir='ltr'><strong>atque</strong></span> <span class='ocrx_word' id='word_1_149' title='bbox 2448 1793 2548 1857; x_wconf 91' lang='lat' dir='ltr'><strong>illi</strong></span> 
     </span>
    </p>
   </div>
   <div class='ocr_carea' id='block_1_9' title="bbox 175 1881 2653 2054">
    <p class='ocr_par' dir='ltr' id='par_1_9' title="bbox 175 1881 2653 2054">
     <span class='ocr_line' id='line_1_21' title="bbox 178 1881 2653 1967; baseline 0.001 -21"><span class='ocrx_word' id='word_1_150' title='bbox 178 1903 303 1965; x_wconf 89' lang='lat' dir='ltr'><strong>pro</strong></span> <span class='ocrx_word' id='word_1_151' title='bbox 352 1883 633 1966; x_wconf 88' lang='lat' dir='ltr'><strong>cognitis</strong></span> <span class='ocrx_word' id='word_1_152' title='bbox 679 1882 970 1948; x_wconf 88' lang='lat' dir='ltr'><strong>moribus</strong></span> <span class='ocrx_word' id='word_1_153' title='bbox 1017 1883 1213 1967; x_wconf 87' lang='lat' dir='ltr'><strong>fuere,</strong></span> <span class='ocrx_word' id='word_1_154' title='bbox 1257 1881 1536 1947; x_wconf 83' lang='lat' dir='ltr'><strong>validior</strong></span> <span class='ocrx_word' id='word_1_155' title='bbox 1582 1881 1949 1967; x_wconf 85' lang='lat' dir='ltr'><strong>Tigellinus</strong></span> <span class='ocrx_word' id='word_1_156' title='bbox 1993 1881 2062 1945; x_wconf 90' lang='lat' dir='ltr'><strong>in</strong></span> <span class='ocrx_word' id='word_1_157' title='bbox 2103 1902 2321 1946; x_wconf 88' lang='lat' dir='ltr'><strong>ammo</strong></span> <span class='ocrx_word' id='word_1_158' title='bbox 2370 1882 2545 1965; x_wconf 89' lang='lat' dir='ltr'><strong>prin·</strong></span> <span class='ocrx_word' id='word_1_159' title='bbox 2587 1898 2653 1948; x_wconf 84' lang='lat'><strong>15</strong></span> 
     </span>
     <span class='ocr_line' id='line_1_22' title="bbox 175 1970 2643 2054; baseline 0.001 -21"><span class='ocrx_word' id='word_1_160' title='bbox 175 1970 350 2054; x_wconf 89' lang='lat' dir='ltr'><strong>cipis</strong></span> <span class='ocrx_word' id='word_1_161' title='bbox 398 1974 465 2034; x_wconf 88' lang='lat' dir='ltr'><strong>et</strong></span> <span class='ocrx_word' id='word_1_162' title='bbox 506 1971 754 2037; x_wconf 86' lang='lat' dir='ltr'><strong>intimis</strong></span> <span class='ocrx_word' id='word_1_163' title='bbox 799 1972 1175 2037; x_wconf 89' lang='lat' dir='ltr'><strong>libidinibus</strong></span> <span class='ocrx_word' id='word_1_164' title='bbox 1224 1971 1635 2054; x_wconf 88' lang='lat' dir='ltr'><strong>adsumptus,</strong></span> <span class='ocrx_word' id='word_1_165' title='bbox 1680 1991 1994 2054; x_wconf 88' lang='lat' dir='ltr'><strong>prospera</strong></span> <span class='ocrx_word' id='word_1_166' title='bbox 2037 1970 2265 2054; x_wconf 89' lang='lat' dir='ltr'><strong>populi</strong></span> <span class='ocrx_word' id='word_1_167' title='bbox 2311 1975 2378 2036; x_wconf 90' lang='lat' dir='ltr'><strong>et</strong></span> <span class='ocrx_word' id='word_1_168' title='bbox 2423 1971 2546 2035; x_wconf 92' lang='lat' dir='ltr'><strong>mi·</strong></span> <span class='ocrx_word' id='word_1_169' title='bbox 2638 2046 2643 2051; x_wconf 44' lang='lat'><em>‚</em></span> 
     </span>
    </p>
   </div>
   <div class='ocr_carea' id='block_1_10' title="bbox 180 2058 2543 2146">
    <p class='ocr_par' dir='ltr' id='par_1_10' title="bbox 180 2058 2543 2146">
     <span class='ocr_line' id='line_1_23' title="bbox 180 2058 2543 2146; baseline 0.001 -24"><span class='ocrx_word' id='word_1_170' title='bbox 180 2058 381 2124; x_wconf 93' lang='lat' dir='ltr'><strong>litum</strong></span> <span class='ocrx_word' id='word_1_171' title='bbox 419 2058 596 2125; x_wconf 84' lang='lat' dir='ltr'><strong>fama</strong></span> <span class='ocrx_word' id='word_1_172' title='bbox 631 2060 857 2145; x_wconf 86' lang='lat' dir='ltr'><strong>Rufus,</strong></span> <span class='ocrx_word' id='word_1_173' title='bbox 904 2060 1077 2146; x_wconf 90' lang='lat' dir='ltr'><strong>quod</strong></span> <span class='ocrx_word' id='word_1_174' title='bbox 1114 2061 1282 2145; x_wconf 90' lang='lat' dir='ltr'><strong>apud</strong></span> <span class='ocrx_word' id='word_1_175' title='bbox 1321 2059 1648 2124; x_wconf 86' lang='lat' dir='ltr'><strong>Neronem</strong></span> <span class='ocrx_word' id='word_1_176' title='bbox 1686 2059 2029 2126; x_wconf 85' lang='lat' dir='ltr'><strong>adversum</strong></span> <span class='ocrx_word' id='word_1_177' title='bbox 2074 2059 2543 2142; x_wconf 83' lang='lat' dir='ltr'><strong>experiebatur.</strong></span> 
     </span>
    </p>
   </div>
   <div class='ocr_carea' id='block_1_11' title="bbox 59 2146 2650 2320">
    <p class='ocr_par' dir='ltr' id='par_1_11' title="bbox 59 2146 2650 2320">
     <span class='ocr_line' id='line_1_24' title="bbox 59 2146 2650 2245; baseline 0.001 -32"><span class='ocrx_word' id='word_1_178' title='bbox 59 2222 65 2245; x_wconf 78' lang='lat'><strong>.</strong></span> <span class='ocrx_word' id='word_1_179' title='bbox 366 2146 544 2213; x_wconf 89' lang='lat' dir='ltr'><strong>Mors</strong></span> <span class='ocrx_word' id='word_1_180' title='bbox 597 2147 788 2215; x_wconf 89' lang='lat' dir='ltr'><strong>Burri</strong></span> <span class='ocrx_word' id='word_1_181' title='bbox 841 2149 1110 2236; x_wconf 84' lang='lat' dir='ltr'><strong>infregit</strong></span> <span class='ocrx_word' id='word_1_182' title='bbox 1168 2147 1448 2214; x_wconf 83' lang='lat' dir='ltr'><strong>Senecae</strong></span> <span class='ocrx_word' id='word_1_183' title='bbox 1510 2148 1900 2233; x_wconf 89' lang='lat' dir='ltr'><strong>potentiam,</strong></span> <span class='ocrx_word' id='word_1_184' title='bbox 1966 2148 2119 2232; x_wconf 86' lang='lat' dir='ltr'><strong>quia</strong></span> <span class='ocrx_word' id='word_1_185' title='bbox 2173 2169 2295 2211; x_wconf 91' lang='lat' dir='ltr'><strong>nec</strong></span> <span class='ocrx_word' id='word_1_186' title='bbox 2348 2148 2541 2213; x_wconf 91' lang='lat' dir='ltr'><strong>bonis</strong></span> <span class='ocrx_word' id='word_1_187' title='bbox 2564 2149 2650 2216; x_wconf 81' lang='lat'><strong>52</strong></span> 
     </span>
     <span class='ocr_line' id='line_1_25' title="bbox 175 2234 2545 2320; baseline 0 -20"><span class='ocrx_word' id='word_1_188' title='bbox 175 2236 436 2301; x_wconf 89' lang='lat' dir='ltr'><strong>artibus</strong></span> <span class='ocrx_word' id='word_1_189' title='bbox 483 2237 653 2303; x_wconf 92' lang='lat' dir='ltr'><strong>idem</strong></span> <span class='ocrx_word' id='word_1_190' title='bbox 700 2239 935 2303; x_wconf 85' lang='lat' dir='ltr'><strong>virium</strong></span> <span class='ocrx_word' id='word_1_191' title='bbox 984 2242 1123 2304; x_wconf 88' lang='lat' dir='ltr'><strong>erat</strong></span> <span class='ocrx_word' id='word_1_192' title='bbox 1169 2237 1374 2302; x_wconf 90' lang='lat' dir='ltr'><strong>altero</strong></span> <span class='ocrx_word' id='word_1_193' title='bbox 1414 2238 1593 2302; x_wconf 80' lang='lat' dir='ltr'><strong>velut</strong></span> <span class='ocrx_word' id='word_1_194' title='bbox 1640 2237 1799 2302; x_wconf 89' lang='lat' dir='ltr'><strong>duce</strong></span> <span class='ocrx_word' id='word_1_195' title='bbox 1847 2239 2086 2320; x_wconf 90' lang='lat' dir='ltr'><strong>amoto,</strong></span> <span class='ocrx_word' id='word_1_196' title='bbox 2134 2238 2200 2299; x_wconf 92' lang='lat' dir='ltr'><strong>et</strong></span> <span class='ocrx_word' id='word_1_197' title='bbox 2234 2234 2411 2301; x_wconf 89' lang='lat' dir='ltr'><strong>Nero</strong></span> <span class='ocrx_word' id='word_1_198' title='bbox 2461 2236 2545 2301; x_wconf 90' lang='lat' dir='ltr'><strong>ad</strong></span> 
     </span>
    </p>
   </div>
   <div class='ocr_carea' id='block_1_12' title="bbox 178 2325 2545 2503">
    <p class='ocr_par' dir='ltr' id='par_1_12' title="bbox 178 2325 2545 2503">
     <span class='ocr_line' id='line_1_26' title="bbox 184 2325 2545 2395; baseline 0 -5"><span class='ocrx_word' id='word_1_199' title='bbox 184 2325 540 2392; x_wconf 88' lang='lat' dir='ltr'><strong>deteriores</strong></span> <span class='ocrx_word' id='word_1_200' title='bbox 567 2328 943 2395; x_wconf 91' lang='lat' dir='ltr'><strong>inclinabat.</strong></span> <span class='ocrx_word' id='word_1_201' title='bbox 989 2328 1062 2393; x_wconf 93' lang='lat' dir='ltr'><strong>hi</strong></span> <span class='ocrx_word' id='word_1_202' title='bbox 1088 2328 1286 2393; x_wconf 86' lang='lat' dir='ltr'><strong>variis</strong></span> <span class='ocrx_word' id='word_1_203' title='bbox 1315 2327 1881 2393; x_wconf 86' lang='lat' dir='ltr'><strong>criminationibus</strong></span> <span class='ocrx_word' id='word_1_204' title='bbox 1910 2325 2217 2392; x_wconf 87' lang='lat' dir='ltr'><strong>Senecam</strong></span> <span class='ocrx_word' id='word_1_205' title='bbox 2248 2326 2545 2391; x_wconf 92' lang='lat' dir='ltr'><strong>adoriun-</strong></span> 
     </span>
     <span class='ocr_line' id='line_1_27' title="bbox 178 2413 2543 2503; baseline 0.001 -24"><span class='ocrx_word' id='word_1_206' title='bbox 178 2419 309 2499; x_wconf 92' lang='lat' dir='ltr'><strong>tur,</strong></span> <span class='ocrx_word' id='word_1_207' title='bbox 356 2419 692 2500; x_wconf 88' lang='lat' dir='ltr'><strong>tamquam</strong></span> <span class='ocrx_word' id='word_1_208' title='bbox 728 2418 1030 2503; x_wconf 88' lang='lat' dir='ltr'><strong>ingentes</strong></span> <span class='ocrx_word' id='word_1_209' title='bbox 1067 2420 1133 2481; x_wconf 90' lang='lat' dir='ltr'><strong>et</strong></span> <span class='ocrx_word' id='word_1_210' title='bbox 1176 2416 1504 2502; x_wconf 84' lang='lat' dir='ltr'><strong>privatum</strong></span> <span class='ocrx_word' id='word_1_211' title='bbox 1543 2416 1806 2481; x_wconf 89' lang='lat' dir='ltr'><strong>modum</strong></span> <span class='ocrx_word' id='word_1_212' title='bbox 1844 2419 2101 2480; x_wconf 85' lang='lat' dir='ltr'><strong>evectas</strong></span> <span class='ocrx_word' id='word_1_213' title='bbox 2138 2435 2294 2498; x_wconf 87' lang='lat' dir='ltr'><strong>opes</strong></span> <span class='ocrx_word' id='word_1_214' title='bbox 2334 2413 2543 2481; x_wconf 89' lang='lat' dir='ltr'><strong>adhuc</strong></span> 
     </span>
    </p>
   </div>
   <div class='ocr_carea' id='block_1_13' title="bbox 172 2570 1309 3568">
    <p class='ocr_par' dir='ltr' id='par_1_13' title="bbox 172 2570 1309 2843">
     <span class='ocr_line' id='line_1_28' title="bbox 174 2570 1308 2657; baseline 0.002 -32"><span class='ocrx_word' id='word_1_215' title='bbox 174 2570 523 2626; x_wconf 87' lang='lat' dir='ltr'><strong>kaiserliche</strong></span> <span class='ocrx_word' id='word_1_216' title='bbox 560 2571 775 2628; x_wconf 88' lang='lat' dir='ltr'><strong>Stellen</strong></span> <span class='ocrx_word' id='word_1_217' title='bbox 824 2574 940 2629; x_wconf 87' lang='lat' dir='ltr'><strong>und</strong></span> <span class='ocrx_word' id='word_1_218' title='bbox 976 2573 1308 2657; x_wconf 74' lang='lat' dir='ltr'><strong>Gnadenbe·</strong></span> 
     </span>
     <span class='ocr_line' id='line_1_29' title="bbox 175 2644 1309 2796; baseline 0.002 -29"><span class='ocrx_word' id='word_1_219' title='bbox 175 2644 1309 2796; x_wconf 48' lang='lat' dir='ltr'><strong>ssffiflffisss.ffssisssssssshiamlff&#39;sssgi</strong></span> 
     </span>
     <span class='ocr_line' id='line_1_30' title="bbox 172 2784 1040 2843; baseline 0.006 -5"><span class='ocrx_word' id='word_1_220' title='bbox 172 2784 418 2839; x_wconf 80' lang='lat' dir='ltr'><strong>Einfluss</strong></span> <span class='ocrx_word' id='word_1_221' title='bbox 456 2786 597 2841; x_wconf 82' lang='lat' dir='ltr'><strong>dazu</strong></span> <span class='ocrx_word' id='word_1_222' title='bbox 632 2805 700 2841; x_wconf 79' lang='lat' dir='ltr'><strong>zu</strong></span> <span class='ocrx_word' id='word_1_223' title='bbox 734 2787 1040 2843; x_wconf 83' lang='lat' dir='ltr'><strong>verhelfen.</strong></span> 
     </span>
    </p>

    <p class='ocr_par' dir='ltr' id='par_1_14' title="bbox 174 2857 1307 3138">
     <span class='ocr_line' id='line_1_31' title="bbox 252 2857 1307 2929; baseline 0.002 -19"><span class='ocrx_word' id='word_1_224' title='bbox 252 2861 302 2911; x_wconf 92' lang='grc'><strong>6.</strong></span> <span class='ocrx_word' id='word_1_225' title='bbox 330 2857 550 2913; x_wconf 72' lang='lat' dir='ltr'><strong>iudicii.</strong></span> <span class='ocrx_word' id='word_1_226' title='bbox 599 2857 713 2912; x_wconf 91' lang='lat' dir='ltr'><strong>Der</strong></span> <span class='ocrx_word' id='word_1_227' title='bbox 728 2858 931 2913; x_wconf 84' lang='lat' dir='ltr'><strong>Kaiser</strong></span> <span class='ocrx_word' id='word_1_228' title='bbox 956 2875 1073 2912; x_wconf 79' lang='lat' dir='ltr'><strong>war</strong></span> <span class='ocrx_word' id='word_1_229' title='bbox 1091 2858 1307 2929; x_wconf 86' lang='lat' dir='ltr'><strong>befugt,</strong></span> 
     </span>
     <span class='ocr_line' id='line_1_32' title="bbox 178 2926 1307 2999; baseline 0.002 -18"><span class='ocrx_word' id='word_1_230' title='bbox 178 2926 270 2981; x_wconf 86' lang='lat' dir='ltr'><strong>als</strong></span> <span class='ocrx_word' id='word_1_231' title='bbox 289 2927 524 2983; x_wconf 84' lang='lat' dir='ltr'><strong>Richter</strong></span> <span class='ocrx_word' id='word_1_232' title='bbox 540 2947 606 2982; x_wconf 87' lang='lat' dir='ltr'><strong>zu</strong></span> <span class='ocrx_word' id='word_1_233' title='bbox 624 2928 936 2999; x_wconf 83' lang='lat' dir='ltr'><strong>fungieren.</strong></span> <span class='ocrx_word' id='word_1_234' title='bbox 974 2930 1077 2984; x_wconf 89' lang='lat' dir='ltr'><strong>Bei</strong></span> <span class='ocrx_word' id='word_1_235' title='bbox 1094 2930 1307 2984; x_wconf 85' lang='lat' dir='ltr'><strong>seinem</strong></span> 
     </span>
     <span class='ocr_line' id='line_1_33' title="bbox 174 2997 1307 3068; baseline 0.003 -18"><span class='ocrx_word' id='word_1_236' title='bbox 174 2997 739 3068; x_wconf 79' lang='lat' dir='ltr'><strong>Regiemngsantritt</strong></span> <span class='ocrx_word' id='word_1_237' title='bbox 782 3002 944 3055; x_wconf 84' lang='lat' dir='ltr'><strong>hatte</strong></span> <span class='ocrx_word' id='word_1_238' title='bbox 989 3001 1141 3055; x_wconf 83' lang='lat' dir='ltr'><strong>Nero</strong></span> <span class='ocrx_word' id='word_1_239' title='bbox 1186 3017 1307 3055; x_wconf 83' lang='lat' dir='ltr'><strong>ver·</strong></span> 
     </span>
     <span class='ocr_line' id='line_1_34' title="bbox 176 3068 1307 3138; baseline 0.004 -16"><span class='ocrx_word' id='word_1_240' title='bbox 176 3068 419 3138; x_wconf 82' lang='lat' dir='ltr'><strong>hcil&#39;sen,</strong></span> <span class='ocrx_word' id='word_1_241' title='bbox 457 3070 577 3125; x_wconf 85' lang='lat' dir='ltr'><strong>dies</strong></span> <span class='ocrx_word' id='word_1_242' title='bbox 614 3072 793 3126; x_wconf 86' lang='lat' dir='ltr'><strong>selten</strong></span> <span class='ocrx_word' id='word_1_243' title='bbox 829 3090 898 3125; x_wconf 83' lang='lat' dir='ltr'><strong>zu</strong></span> <span class='ocrx_word' id='word_1_244' title='bbox 923 3072 1086 3127; x_wconf 87' lang='lat' dir='ltr'><strong>thun.</strong></span> <span class='ocrx_word' id='word_1_245' title='bbox 1140 3077 1226 3138; x_wconf 82' lang='grc'><strong>13,</strong></span> <span class='ocrx_word' id='word_1_246' title='bbox 1253 3077 1307 3127; x_wconf 82' lang='grc'><strong>4.</strong></span> 
     </span>
    </p>

    <p class='ocr_par' dir='ltr' id='par_1_15' title="bbox 175 3141 1309 3568">
     <span class='ocr_line' id='line_1_35' title="bbox 254 3141 1309 3212; baseline 0.002 -18"><span class='ocrx_word' id='word_1_247' title='bbox 254 3146 303 3195; x_wconf 81' lang='grc'><strong>’1.</strong></span> <span class='ocrx_word' id='word_1_248' title='bbox 333 3141 503 3196; x_wconf 79' lang='lat' dir='ltr'><strong>donee</strong></span> <span class='ocrx_word' id='word_1_249' title='bbox 522 3158 618 3210; x_wconf 87' lang='lat' dir='ltr'><strong>„so</strong></span> <span class='ocrx_word' id='word_1_250' title='bbox 646 3141 815 3212; x_wconf 82' lang='lat' dir='ltr'><strong>lange</strong></span> <span class='ocrx_word' id='word_1_251' title='bbox 835 3143 971 3210; x_wconf 85' lang='lat' dir='ltr'><strong>als“,</strong></span> <span class='ocrx_word' id='word_1_252' title='bbox 1000 3144 1186 3197; x_wconf 85' lang='lat' dir='ltr'><strong>zuerst</strong></span> <span class='ocrx_word' id='word_1_253' title='bbox 1214 3142 1309 3197; x_wconf 92' lang='lat' dir='ltr'><strong>bei</strong></span> 
     </span>
     <span class='ocr_line' id='line_1_36' title="bbox 175 3210 1307 3282; baseline 0.003 -18"><span class='ocrx_word' id='word_1_254' title='bbox 175 3210 471 3282; x_wconf 80' lang='lat' dir='ltr'><strong>Dichtern,</strong></span> <span class='ocrx_word' id='word_1_255' title='bbox 480 3217 596 3267; x_wconf 87' lang='lat' dir='ltr'><strong>erst</strong></span> <span class='ocrx_word' id='word_1_256' title='bbox 613 3213 721 3267; x_wconf 84' lang='lat' dir='ltr'><strong>seit</strong></span> <span class='ocrx_word' id='word_1_257' title='bbox 730 3212 922 3268; x_wconf 83' lang='lat' dir='ltr'><strong>Livius</strong></span> <span class='ocrx_word' id='word_1_258' title='bbox 936 3213 994 3267; x_wconf 92' lang='lat' dir='ltr'><strong>in</strong></span> <span class='ocrx_word' id='word_1_259' title='bbox 1008 3214 1108 3267; x_wconf 87' lang='lat' dir='ltr'><strong>der</strong></span> <span class='ocrx_word' id='word_1_260' title='bbox 1116 3213 1307 3279; x_wconf 80' lang='lat' dir='ltr'><strong>Prosa,</strong></span> 
     </span>
     <span class='ocr_line' id='line_1_37' title="bbox 176 3281 1307 3352; baseline 0.002 -16"><span class='ocrx_word' id='word_1_261' title='bbox 176 3281 288 3336; x_wconf 87' lang='lat' dir='ltr'><strong>mit</strong></span> <span class='ocrx_word' id='word_1_262' title='bbox 316 3283 446 3337; x_wconf 89' lang='lat' dir='ltr'><strong>dem</strong></span> <span class='ocrx_word' id='word_1_263' title='bbox 474 3284 557 3337; x_wconf 88' lang='lat' dir='ltr'><strong>Im</strong></span> <span class='ocrx_word' id='word_1_264' title='bbox 599 3284 784 3339; x_wconf 85' lang='lat' dir='ltr'><strong>erfekt</strong></span> <span class='ocrx_word' id='word_1_265' title='bbox 809 3285 958 3339; x_wconf 90' lang='lat' dir='ltr'><strong>noch</strong></span> <span class='ocrx_word' id='word_1_266' title='bbox 994 3284 1125 3339; x_wconf 87' lang='lat' dir='ltr'><strong>hist.</strong></span> <span class='ocrx_word' id='word_1_267' title='bbox 1156 3291 1208 3352; x_wconf 98' lang='lat'><strong>4,</strong></span> <span class='ocrx_word' id='word_1_268' title='bbox 1240 3290 1307 3338; x_wconf 91' lang='lat'><strong>12</strong></span> 
     </span>
     <span class='ocr_line' id='line_1_38' title="bbox 175 3301 1306 3425; baseline 0.004 -18"><span class='ocrx_word' id='word_1_269' title='bbox 175 3354 350 3408; x_wconf 77' lang='lat' dir='ltr'><strong>donec</strong></span> <span class='ocrx_word' id='word_1_270' title='bbox 369 3301 800 3410; x_wconf 47' lang='lat' dir='ltr'><strong>transsshemaem</strong></span> <span class='ocrx_word' id='word_1_271' title='bbox 825 3356 1089 3425; x_wconf 74' lang='lat' dir='ltr'><strong>ayebant;</strong></span> <span class='ocrx_word' id='word_1_272' title='bbox 1117 3356 1225 3409; x_wconf 88' lang='lat' dir='ltr'><strong>mit</strong></span> <span class='ocrx_word' id='word_1_273' title='bbox 1251 3355 1306 3411; x_wconf 89' lang='lat' dir='ltr'><strong>d.</strong></span> 
     </span>
     <span class='ocr_line' id='line_1_39' title="bbox 175 3422 1307 3495; baseline 0.004 -18"><span class='ocrx_word' id='word_1_274' title='bbox 175 3422 410 3479; x_wconf 82' lang='lat' dir='ltr'><strong>Perfekt</strong></span> <span class='ocrx_word' id='word_1_275' title='bbox 440 3442 568 3480; x_wconf 87' lang='lat' dir='ltr'><strong>ann.</strong></span> <span class='ocrx_word' id='word_1_276' title='bbox 600 3432 649 3495; x_wconf 92' lang='lat'><strong>1,</strong></span> <span class='ocrx_word' id='word_1_277' title='bbox 680 3431 763 3483; x_wconf 91' lang='grc'><strong>68.</strong></span> <span class='ocrx_word' id='word_1_278' title='bbox 795 3433 845 3495; x_wconf 90' lang='grc'><strong>6,</strong></span> <span class='ocrx_word' id='word_1_279' title='bbox 875 3432 943 3481; x_wconf 83' lang='grc'><strong>51</strong></span> <span class='ocrx_word' id='word_1_280' title='bbox 972 3428 1141 3482; x_wconf 75' lang='lat' dir='ltr'><strong>donee</strong></span> <span class='ocrx_word' id='word_1_281' title='bbox 1169 3427 1307 3482; x_wconf 76' lang='lat' dir='ltr'><strong>Ger-</strong></span> 
     </span>
     <span class='ocr_line' id='line_1_40' title="bbox 176 3496 1303 3568; baseline 0.003 -18"><span class='ocrx_word' id='word_1_282' title='bbox 176 3496 431 3552; x_wconf 73' lang='lat' dir='ltr'><strong>manicas</strong></span> <span class='ocrx_word' id='word_1_283' title='bbox 447 3497 750 3552; x_wconf 76' lang='lat' dir='ltr'><strong>aeDrasus</strong></span> <span class='ocrx_word' id='word_1_284' title='bbox 761 3498 1090 3568; x_wconf 68' lang='lat' dir='ltr'><strong>superfuere.</strong></span> <span class='ocrx_word' id='word_1_285' title='bbox 1108 3497 1240 3553; x_wconf 83' lang='lat' dir='ltr'><strong>dial.</strong></span> <span class='ocrx_word' id='word_1_286' title='bbox 1252 3504 1303 3553; x_wconf 83' lang='lat'><strong>8.</strong></span> 
     </span>
    </p>
   </div>
   <div class='ocr_carea' id='block_1_14' title="bbox 170 3637 1304 4350">
    <p class='ocr_par' dir='ltr' id='par_1_16' title="bbox 175 3637 1302 3851">
     <span class='ocr_line' id='line_1_41' title="bbox 249 3637 1302 3721; baseline 0.002 -29"><span class='ocrx_word' id='word_1_287' title='bbox 249 3637 347 3693; x_wconf 77' lang='lat'><strong>51.</strong></span> <span class='ocrx_word' id='word_1_288' title='bbox 427 3645 474 3694; x_wconf 94' lang='lat'><strong>1.</strong></span> <span class='ocrx_word' id='word_1_289' title='bbox 537 3655 846 3711; x_wconf 66' lang='lat' dir='ltr'><strong>gravescere</strong></span> <span class='ocrx_word' id='word_1_290' title='bbox 910 3640 1052 3694; x_wconf 89' lang='lat' dir='ltr'><strong>statt</strong></span> <span class='ocrx_word' id='word_1_291' title='bbox 1099 3640 1302 3721; x_wconf 53' lang='lat' dir='ltr'><strong>‚ingna-</strong></span> 
     </span>
     <span class='ocr_line' id='line_1_42' title="bbox 175 3709 1302 3786; baseline 0.002 -24"><span class='ocrx_word' id='word_1_292' title='bbox 175 3723 407 3776; x_wconf 75' lang='lat' dir='ltr'><strong>vescere,</strong></span> <span class='ocrx_word' id='word_1_293' title='bbox 463 3712 685 3780; x_wconf 71' lang='lat' dir='ltr'><strong>auyeri,</strong></span> <span class='ocrx_word' id='word_1_294' title='bbox 750 3711 810 3765; x_wconf 88' lang='lat' dir='ltr'><strong>in</strong></span> <span class='ocrx_word' id='word_1_295' title='bbox 864 3710 1078 3766; x_wconf 87' lang='lat' dir='ltr'><strong>diesem</strong></span> <span class='ocrx_word' id='word_1_296' title='bbox 1133 3709 1302 3786; x_wconf 80' lang='lat' dir='ltr'><strong>Smne</strong></span> 
     </span>
     <span class='ocr_line' id='line_1_43' title="bbox 178 3781 1172 3851; baseline 0.002 -18"><span class='ocrx_word' id='word_1_297' title='bbox 178 3795 286 3833; x_wconf 89' lang='lat' dir='ltr'><strong>nur</strong></span> <span class='ocrx_word' id='word_1_298' title='bbox 322 3781 470 3836; x_wconf 86' lang='lat' dir='ltr'><strong>noch</strong></span> <span class='ocrx_word' id='word_1_299' title='bbox 510 3787 557 3851; x_wconf 92' lang='lat'><strong>1,</strong></span> <span class='ocrx_word' id='word_1_300' title='bbox 597 3786 630 3836; x_wconf 80' lang='grc' dir='ltr'><strong>ὅ</strong></span> <span class='ocrx_word' id='word_1_301' title='bbox 667 3783 784 3837; x_wconf 88' lang='lat' dir='ltr'><strong>und</strong></span> <span class='ocrx_word' id='word_1_302' title='bbox 820 3782 914 3837; x_wconf 88' lang='lat' dir='ltr'><strong>bei</strong></span> <span class='ocrx_word' id='word_1_303' title='bbox 950 3782 1172 3836; x_wconf 83' lang='lat' dir='ltr'><strong>Lucrez.</strong></span> 
     </span>
    </p>

    <p class='ocr_par' dir='ltr' id='par_1_17' title="bbox 246 3838 1301 3920">
     <span class='ocr_line' id='line_1_44' title="bbox 246 3838 1301 3920; baseline 0.004 -15"><span class='ocrx_word' id='word_1_304' title='bbox 246 3857 300 3905; x_wconf 85' lang='lat'><strong>2.</strong></span> <span class='ocrx_word' id='word_1_305' title='bbox 331 3838 483 3907; x_wconf 76' lang='lat' dir='ltr'><strong>Uber</strong></span> <span class='ocrx_word' id='word_1_306' title='bbox 508 3854 792 3909; x_wconf 71' lang='lat' dir='ltr'><strong>concedere</strong></span> <span class='ocrx_word' id='word_1_307' title='bbox 816 3855 935 3908; x_wconf 71' lang='lat' dir='ltr'><strong>vita</strong></span> <span class='ocrx_word' id='word_1_308' title='bbox 953 3869 994 3907; x_wconf 74' lang='grc' dir='ltr'><strong>ε.</strong></span> <span class='ocrx_word' id='word_1_309' title='bbox 1015 3870 1084 3906; x_wconf 83' lang='lat' dir='ltr'><strong>zu</strong></span> <span class='ocrx_word' id='word_1_310' title='bbox 1109 3858 1193 3920; x_wconf 84' lang='lat'><strong>12,</strong></span> <span class='ocrx_word' id='word_1_311' title='bbox 1215 3858 1301 3909; x_wconf 82' lang='lat'><strong>39.</strong></span> 
     </span>
    </p>

    <p class='ocr_par' dir='ltr' id='par_1_18' title="bbox 179 3923 1304 4134">
     <span class='ocr_line' id='line_1_45' title="bbox 247 3923 1304 3994; baseline 0.004 -19"><span class='ocrx_word' id='word_1_312' title='bbox 247 3927 298 3978; x_wconf 84' lang='lat'><strong>3.</strong></span> <span class='ocrx_word' id='word_1_313' title='bbox 337 3923 404 3977; x_wconf 75' lang='lat' dir='ltr'><strong>in</strong></span> <span class='ocrx_word' id='word_1_314' title='bbox 428 3939 484 3978; x_wconf 88' lang='lat' dir='ltr'><strong>se</strong></span> <span class='ocrx_word' id='word_1_315' title='bbox 521 3925 699 3993; x_wconf 86' lang='lat' dir='ltr'><strong>„nach</strong></span> <span class='ocrx_word' id='word_1_316' title='bbox 728 3925 950 3994; x_wconf 87' lang='lat' dir='ltr'><strong>innen“,</strong></span> <span class='ocrx_word' id='word_1_317' title='bbox 989 3923 1176 3979; x_wconf 75' lang='lat' dir='ltr'><strong>sodass</strong></span> <span class='ocrx_word' id='word_1_318' title='bbox 1212 3923 1304 3979; x_wconf 86' lang='lat' dir='ltr'><strong>die</strong></span> 
     </span>
     <span class='ocr_line' id='line_1_46' title="bbox 179 3990 1304 4066; baseline 0.005 -22"><span class='ocrx_word' id='word_1_319' title='bbox 179 3990 484 4049; x_wconf 69' lang='lat' dir='ltr'><strong>Luftrohre</strong></span> <span class='ocrx_word' id='word_1_320' title='bbox 523 4011 695 4065; x_wconf 83' lang='lat' dir='ltr'><strong>enger</strong></span> <span class='ocrx_word' id='word_1_321' title='bbox 722 3994 882 4050; x_wconf 79' lang='lat' dir='ltr'><strong>wird.</strong></span> <span class='ocrx_word' id='word_1_322' title='bbox 941 3994 1067 4051; x_wconf 86' lang='lat' dir='ltr'><strong>Sen.</strong></span> <span class='ocrx_word' id='word_1_323' title='bbox 1098 4012 1186 4066; x_wconf 88' lang='lat' dir='ltr'><strong>ep.</strong></span> <span class='ocrx_word' id='word_1_324' title='bbox 1215 4000 1304 4063; x_wconf 81' lang='lat'><strong>95,</strong></span> 
     </span>
     <span class='ocr_line' id='line_1_47' title="bbox 181 4063 913 4134; baseline 0.007 -18"><span class='ocrx_word' id='word_1_325' title='bbox 181 4069 248 4118; x_wconf 88' lang='grc'><strong>16</strong></span> <span class='ocrx_word' id='word_1_326' title='bbox 286 4063 352 4118; x_wconf 72' lang='lat' dir='ltr'><strong>in</strong></span> <span class='ocrx_word' id='word_1_327' title='bbox 385 4080 442 4120; x_wconf 81' lang='lat' dir='ltr'><strong>se</strong></span> <span class='ocrx_word' id='word_1_328' title='bbox 468 4067 913 4134; x_wconf 76' lang='lat' dir='ltr'><strong>putrescentium.</strong></span> 
     </span>
    </p>

    <p class='ocr_par' dir='ltr' id='par_1_19' title="bbox 170 4136 1304 4350">
     <span class='ocr_line' id='line_1_48' title="bbox 247 4136 1302 4207; baseline 0.001 -18"><span class='ocrx_word' id='word_1_329' title='bbox 247 4140 298 4190; x_wconf 89' lang='lat'><strong>4.</strong></span> <span class='ocrx_word' id='word_1_330' title='bbox 329 4141 541 4191; x_wconf 80' lang='lat' dir='ltr'><strong>meatus</strong></span> <span class='ocrx_word' id='word_1_331' title='bbox 567 4136 896 4192; x_wconf 84' lang='lat' dir='ltr'><strong>bezeichnet</strong></span> <span class='ocrx_word' id='word_1_332' title='bbox 921 4136 1014 4192; x_wconf 90' lang='lat' dir='ltr'><strong>die</strong></span> <span class='ocrx_word' id='word_1_333' title='bbox 1042 4136 1302 4207; x_wconf 86' lang='lat' dir='ltr'><strong>Respira-</strong></span> 
     </span>
     <span class='ocr_line' id='line_1_49' title="bbox 173 4204 1304 4276; baseline 0.004 -17"><span class='ocrx_word' id='word_1_334' title='bbox 173 4204 321 4273; x_wconf 86' lang='lat' dir='ltr'><strong>tion,</strong></span> <span class='ocrx_word' id='word_1_335' title='bbox 386 4205 498 4262; x_wconf 76' lang='lat' dir='ltr'><strong>wie</strong></span> <span class='ocrx_word' id='word_1_336' title='bbox 563 4205 656 4262; x_wconf 90' lang='lat' dir='ltr'><strong>bei</strong></span> <span class='ocrx_word' id='word_1_337' title='bbox 710 4207 943 4274; x_wconf 80' lang='lat' dir='ltr'><strong>Quintil.</strong></span> <span class='ocrx_word' id='word_1_338' title='bbox 1003 4213 1053 4276; x_wconf 74' lang='lat'><strong>7,</strong></span> <span class='ocrx_word' id='word_1_339' title='bbox 1103 4213 1187 4276; x_wconf 86' lang='lat'><strong>10,</strong></span> <span class='ocrx_word' id='word_1_340' title='bbox 1236 4213 1304 4263; x_wconf 89' lang='grc'><strong>10</strong></span> 
     </span>
     <span class='ocr_line' id='line_1_50' title="bbox 170 4277 1300 4350; baseline 0.004 -18"><span class='ocrx_word' id='word_1_341' title='bbox 170 4278 426 4347; x_wconf 72' lang='lat' dir='ltr'><strong>spiritus.</strong></span> <span class='ocrx_word' id='word_1_342' title='bbox 482 4277 627 4334; x_wconf 83' lang='lat' dir='ltr'><strong>Plin.</strong></span> <span class='ocrx_word' id='word_1_343' title='bbox 657 4295 743 4350; x_wconf 84' lang='lat' dir='ltr'><strong>ep.</strong></span> <span class='ocrx_word' id='word_1_344' title='bbox 776 4286 827 4347; x_wconf 86' lang='lat'><strong>6,</strong></span> <span class='ocrx_word' id='word_1_345' title='bbox 859 4285 942 4350; x_wconf 90' lang='grc'><strong>16,</strong></span> <span class='ocrx_word' id='word_1_346' title='bbox 971 4285 1037 4334; x_wconf 80' lang='grc'><strong>13</strong></span> <span class='ocrx_word' id='word_1_347' title='bbox 1065 4280 1300 4336; x_wconf 76' lang='lat' dir='ltr'><strong>animae.</strong></span> 
     </span>
    </p>
   </div>
   <div class='ocr_carea' id='block_1_15' title="bbox 1414 2570 2545 3150">
    <p class='ocr_par' dir='ltr' id='par_1_20' title="bbox 1414 2570 2545 2854">
     <span class='ocr_line' id='line_1_51' title="bbox 1491 2570 2542 2641; baseline -0.002 -14"><span class='ocrx_word' id='word_1_348' title='bbox 1491 2580 1540 2629; x_wconf 81' lang='lat'><strong>5.</strong></span> <span class='ocrx_word' id='word_1_349' title='bbox 1596 2573 1822 2627; x_wconf 76' lang='lat' dir='ltr'><strong>inlitum</strong></span> <span class='ocrx_word' id='word_1_350' title='bbox 1879 2572 2153 2641; x_wconf 78' lang='lat' dir='ltr'><strong>palatum.</strong></span> <span class='ocrx_word' id='word_1_351' title='bbox 2227 2570 2346 2625; x_wconf 86' lang='lat' dir='ltr'><strong>Auf</strong></span> <span class='ocrx_word' id='word_1_352' title='bbox 2403 2572 2542 2625; x_wconf 70' lang='lat' dir='ltr'><strong>ahu·</strong></span> 
     </span>
     <span class='ocr_line' id='line_1_52' title="bbox 1416 2640 2542 2711; baseline -0.002 -14"><span class='ocrx_word' id='word_1_353' title='bbox 1416 2644 1566 2698; x_wconf 90' lang='lat' dir='ltr'><strong>liche</strong></span> <span class='ocrx_word' id='word_1_354' title='bbox 1592 2643 1784 2698; x_wconf 89' lang='lat' dir='ltr'><strong>Weise</strong></span> <span class='ocrx_word' id='word_1_355' title='bbox 1813 2658 1930 2696; x_wconf 81' lang='lat' dir='ltr'><strong>war</strong></span> <span class='ocrx_word' id='word_1_356' title='bbox 1949 2641 2215 2698; x_wconf 85' lang='lat' dir='ltr'><strong>Claudius</strong></span> <span class='ocrx_word' id='word_1_357' title='bbox 2242 2640 2542 2711; x_wconf 77' lang='lat' dir='ltr'><strong>vergiftet3</strong></span> 
     </span>
     <span class='ocr_line' id='line_1_53' title="bbox 1420 2713 2545 2784; baseline -0.001 -16"><span class='ocrx_word' id='word_1_358' title='bbox 1420 2722 1506 2784; x_wconf 91' lang='lat'><strong>12,</strong></span> <span class='ocrx_word' id='word_1_359' title='bbox 1544 2721 1611 2770; x_wconf 81' lang='grc'><strong>67</strong></span> <span class='ocrx_word' id='word_1_360' title='bbox 1651 2717 1894 2784; x_wconf 76' lang='lat' dir='ltr'><strong>pinnam</strong></span> <span class='ocrx_word' id='word_1_361' title='bbox 1928 2714 2128 2782; x_wconf 80' lang='lat' dir='ltr'><strong>rapido</strong></span> <span class='ocrx_word' id='word_1_362' title='bbox 2165 2728 2367 2767; x_wconf 74' lang='lat' dir='ltr'><strong>veneno</strong></span> <span class='ocrx_word' id='word_1_363' title='bbox 2406 2713 2545 2767; x_wconf 81' lang='lat' dir='ltr'><strong>inli-</strong></span> 
     </span>
     <span class='ocr_line' id='line_1_54' title="bbox 1414 2785 2541 2854; baseline -0.003 -13"><span class='ocrx_word' id='word_1_364' title='bbox 1414 2792 1531 2841; x_wconf 85' lang='lat' dir='ltr'><strong>tam</strong></span> <span class='ocrx_word' id='word_1_365' title='bbox 1557 2787 1816 2854; x_wconf 75' lang='lat' dir='ltr'><strong>faueibus</strong></span> <span class='ocrx_word' id='word_1_366' title='bbox 1843 2785 1963 2839; x_wconf 80' lang='lat' dir='ltr'><strong>eius</strong></span> <span class='ocrx_word' id='word_1_367' title='bbox 1988 2785 2263 2839; x_wconf 77' lang='lat' dir='ltr'><strong>demisisse</strong></span> <span class='ocrx_word' id='word_1_368' title='bbox 2279 2785 2541 2839; x_wconf 78' lang='lat' dir='ltr'><strong>ereditur.</strong></span> 
     </span>
    </p>

    <p class='ocr_par' dir='ltr' id='par_1_21' title="bbox 1418 2853 2543 3067">
     <span class='ocr_line' id='line_1_55' title="bbox 1486 2853 2543 2923; baseline -0.002 -11"><span class='ocrx_word' id='word_1_369' title='bbox 1486 2863 1538 2912; x_wconf 83' lang='lat'><strong>8.</strong></span> <span class='ocrx_word' id='word_1_370' title='bbox 1604 2858 1866 2911; x_wconf 73' lang='lat' dir='ltr'><strong>haetenus</strong></span> <span class='ocrx_word' id='word_1_371' title='bbox 1930 2872 2073 2923; x_wconf 89' lang='lat' dir='ltr'><strong>„nur</strong></span> <span class='ocrx_word' id='word_1_372' title='bbox 2127 2853 2369 2921; x_wconf 78' lang='lat' dir='ltr'><strong>soviel“,</strong></span> <span class='ocrx_word' id='word_1_373' title='bbox 2492 2854 2543 2910; x_wconf 86' lang='lat' dir='ltr'><strong>‘e</strong></span> 
     </span>
     <span class='ocr_line' id='line_1_56' title="bbox 1418 2925 2536 2996; baseline -0.002 -14"><span class='ocrx_word' id='word_1_374' title='bbox 1418 2935 1504 2996; x_wconf 90' lang='lat'><strong>12,</strong></span> <span class='ocrx_word' id='word_1_375' title='bbox 1539 2933 1610 2982; x_wconf 86' lang='lat'><strong>42</strong></span> <span class='ocrx_word' id='word_1_376' title='bbox 1664 2929 1923 2982; x_wconf 77' lang='lat' dir='ltr'><strong>hactenus</strong></span> <span class='ocrx_word' id='word_1_377' title='bbox 1978 2925 2232 2981; x_wconf 78' lang='lat' dir='ltr'><strong>Vitellius</strong></span> <span class='ocrx_word' id='word_1_378' title='bbox 2273 2927 2363 2981; x_wconf 84' lang='lat' dir='ltr'><strong>vol</strong></span> <span class='ocrx_word' id='word_1_379' title='bbox 2461 2931 2536 2981; x_wconf 88' lang='lat' dir='ltr'><strong>at.</strong></span> 
     </span>
     <span class='ocr_line' id='line_1_57' title="bbox 1420 2997 2241 3067; baseline -0.005 -14"><span class='ocrx_word' id='word_1_380' title='bbox 1420 3006 1505 3067; x_wconf 92' lang='lat'><strong>14,</strong></span> <span class='ocrx_word' id='word_1_381' title='bbox 1543 3005 1577 3053; x_wconf 84' lang='lat'><strong>3</strong></span> <span class='ocrx_word' id='word_1_382' title='bbox 1613 2999 1875 3053; x_wconf 76' lang='lat' dir='ltr'><strong>haetenus</strong></span> <span class='ocrx_word' id='word_1_383' title='bbox 1909 2997 2241 3051; x_wconf 67' lang='lat' dir='ltr'><strong>consultans.</strong></span> 
     </span>
    </p>

    <p class='ocr_par' dir='ltr' id='par_1_22' title="bbox 1490 3066 2540 3150">
     <span class='ocr_line' id='line_1_58' title="bbox 1490 3066 2540 3150; baseline -0.001 -26"><span class='ocrx_word' id='word_1_384' title='bbox 1490 3075 1575 3124; x_wconf 89' lang='lat'><strong>11.</strong></span> <span class='ocrx_word' id='word_1_385' title='bbox 1622 3069 2058 3139; x_wconf 52' lang='lat' dir='ltr'><strong>flagrantissima</strong></span> <span class='ocrx_word' id='word_1_386' title='bbox 2109 3069 2343 3138; x_wconf 73' lang='lat' dir='ltr'><strong>flayitia.</strong></span> <span class='ocrx_word' id='word_1_387' title='bbox 2408 3066 2540 3150; x_wconf 73' lang='lat' dir='ltr'><strong>Vgl.</strong></span> 
     </span>
    </p>
   </div>
   <div class='ocr_carea' id='block_1_16' title="bbox 1415 3138 2622 3210">
    <p class='ocr_par' dir='ltr' id='par_1_23' title="bbox 1415 3138 2622 3210">
     <span class='ocr_line' id='line_1_59' title="bbox 1415 3138 2622 3210; baseline -0.002 -15"><span class='ocrx_word' id='word_1_388' title='bbox 1415 3160 1485 3195; x_wconf 84' lang='lat' dir='ltr'><strong>zu</strong></span> <span class='ocrx_word' id='word_1_389' title='bbox 1532 3141 1715 3195; x_wconf 87' lang='lat' dir='ltr'><strong>dieser</strong></span> <span class='ocrx_word' id='word_1_390' title='bbox 1756 3138 2267 3210; x_wconf 68' lang='lat' dir='ltr'><strong>ungewohnlichen</strong></span> <span class='ocrx_word' id='word_1_391' title='bbox 2306 3138 2542 3194; x_wconf 87' lang='lat' dir='ltr'><strong>Verbm·</strong></span> <span class='ocrx_word' id='word_1_392' title='bbox 2607 3139 2622 3150; x_wconf 85' lang='lat'><em>&#39;</em></span> 
     </span>
    </p>
   </div>
   <div class='ocr_carea' id='block_1_17' title="bbox 1409 3210 2543 4047">
    <p class='ocr_par' dir='ltr' id='par_1_24' title="bbox 1416 3210 2542 3421">
     <span class='ocr_line' id='line_1_60' title="bbox 1417 3210 2541 3283; baseline -0.002 -17"><span class='ocrx_word' id='word_1_393' title='bbox 1417 3212 1599 3283; x_wconf 83' lang='lat' dir='ltr'><strong>dung:</strong></span> <span class='ocrx_word' id='word_1_394' title='bbox 1666 3211 1797 3266; x_wconf 85' lang='lat' dir='ltr'><strong>hist.</strong></span> <span class='ocrx_word' id='word_1_395' title='bbox 1844 3216 1895 3276; x_wconf 83' lang='lat'><strong>2,</strong></span> <span class='ocrx_word' id='word_1_396' title='bbox 1942 3215 2010 3264; x_wconf 76' lang='lat'><strong>31</strong></span> <span class='ocrx_word' id='word_1_397' title='bbox 2075 3210 2541 3280; x_wconf 75' lang='lat' dir='ltr'><strong>flayrantissimae</strong></span> 
     </span>
     <span class='ocr_line' id='line_1_61' title="bbox 1417 3282 2542 3351; baseline -0.001 -13"><span class='ocrx_word' id='word_1_398' title='bbox 1417 3285 1689 3338; x_wconf 73' lang='lat' dir='ltr'><strong>libidines.</strong></span> <span class='ocrx_word' id='word_1_399' title='bbox 1753 3299 1879 3336; x_wconf 90' lang='lat' dir='ltr'><strong>ann.</strong></span> <span class='ocrx_word' id='word_1_400' title='bbox 1920 3286 2005 3348; x_wconf 88' lang='grc'><strong>14,</strong></span> <span class='ocrx_word' id='word_1_401' title='bbox 2043 3287 2071 3334; x_wconf 98' lang='grc'><strong>1</strong></span> <span class='ocrx_word' id='word_1_402' title='bbox 2111 3282 2441 3351; x_wconf 60' lang='lat' dir='ltr'><strong>plamantior</strong></span> <span class='ocrx_word' id='word_1_403' title='bbox 2477 3282 2542 3336; x_wconf 78' lang='lat' dir='ltr'><strong>in</strong></span> 
     </span>
     <span class='ocr_line' id='line_1_62' title="bbox 1416 3353 2102 3421; baseline -0.004 -11"><span class='ocrx_word' id='word_1_404' title='bbox 1416 3356 1534 3410; x_wconf 81' lang='lat' dir='ltr'><strong>dies</strong></span> <span class='ocrx_word' id='word_1_405' title='bbox 1569 3370 1751 3409; x_wconf 84' lang='lat' dir='ltr'><strong>amore</strong></span> <span class='ocrx_word' id='word_1_406' title='bbox 1790 3353 2102 3421; x_wconf 76' lang='lat' dir='ltr'><strong>Poppaeae.</strong></span> 
     </span>
    </p>

    <p class='ocr_par' dir='ltr' id='par_1_25' title="bbox 1412 3421 2543 3705">
     <span class='ocr_line' id='line_1_63' title="bbox 1490 3421 2543 3508; baseline 0 -30"><span class='ocrx_word' id='word_1_407' title='bbox 1490 3431 1573 3479; x_wconf 91' lang='lat'><strong>12.</strong></span> <span class='ocrx_word' id='word_1_408' title='bbox 1622 3427 1985 3508; x_wconf 62' lang='lat' dir='ltr'><strong>imposuerat,</strong></span> <span class='ocrx_word' id='word_1_409' title='bbox 2050 3421 2348 3477; x_wconf 87' lang='lat' dir='ltr'><strong>scheinbar</strong></span> <span class='ocrx_word' id='word_1_410' title='bbox 2400 3424 2543 3478; x_wconf 84' lang='lat' dir='ltr'><strong>statt</strong></span> 
     </span>
     <span class='ocr_line' id='line_1_64' title="bbox 1413 3493 2537 3647; baseline -0.002 -26"><span class='ocrx_word' id='word_1_411' title='bbox 1413 3500 1848 3621; x_wconf 54' lang='lat' dir='ltr'><strong>U..</strong></span> <span class='ocrx_word' id='word_1_412' title='bbox 1880 3493 2093 3647; x_wconf 50' lang='lat'><strong>{232⁷</strong></span> <span class='ocrx_word' id='word_1_413' title='bbox 2131 3498 2429 3633; x_wconf 53' lang='lat' dir='ltr'><strong>ms</strong></span> <span class='ocrx_word' id='word_1_414' title='bbox 2467 3523 2537 3619; x_wconf 61' lang='grc' dir='ltr'><strong>ς..</strong></span> 
     </span>
     <span class='ocr_line' id='line_1_65' title="bbox 1412 3636 2411 3705; baseline -0.002 -14"><span class='ocrx_word' id='word_1_415' title='bbox 1412 3637 1531 3691; x_wconf 88' lang='lat' dir='ltr'><strong>und.</strong></span> <span class='ocrx_word' id='word_1_416' title='bbox 1567 3638 1704 3691; x_wconf 74' lang='lat' dir='ltr'><strong>tiber</strong></span> <span class='ocrx_word' id='word_1_417' title='bbox 1741 3636 2058 3705; x_wconf 82' lang='lat' dir='ltr'><strong>Tigellinus</strong></span> <span class='ocrx_word' id='word_1_418' title='bbox 2093 3652 2159 3689; x_wconf 85' lang='lat' dir='ltr'><strong>zu</strong></span> <span class='ocrx_word' id='word_1_419' title='bbox 2201 3641 2285 3704; x_wconf 88' lang='lat'><strong>14,</strong></span> <span class='ocrx_word' id='word_1_420' title='bbox 2322 3639 2411 3690; x_wconf 88' lang='lat'><strong>48.</strong></span> 
     </span>
    </p>

    <p class='ocr_par' dir='ltr' id='par_1_26' title="bbox 1409 3705 2538 4047">
     <span class='ocr_line' id='line_1_66' title="bbox 1488 3705 2534 3776; baseline -0.002 -15"><span class='ocrx_word' id='word_1_421' title='bbox 1488 3714 1570 3762; x_wconf 80' lang='lat'><strong>15.</strong></span> <span class='ocrx_word' id='word_1_422' title='bbox 1617 3707 1859 3762; x_wconf 83' lang='lat' dir='ltr'><strong>validior</strong></span> <span class='ocrx_word' id='word_1_423' title='bbox 1902 3708 1967 3761; x_wconf 80' lang='lat' dir='ltr'><strong>im</strong></span> <span class='ocrx_word' id='word_1_424' title='bbox 2014 3707 2200 3762; x_wconf 73' lang='lat' dir='ltr'><strong>animo</strong></span> <span class='ocrx_word' id='word_1_425' title='bbox 2240 3708 2340 3761; x_wconf 91' lang='lat' dir='ltr'><strong>ctt.</strong></span> <span class='ocrx_word' id='word_1_426' title='bbox 2402 3705 2534 3776; x_wconf 83' lang='lat' dir='ltr'><strong>Vgl.</strong></span> 
     </span>
     <span class='ocr_line' id='line_1_67' title="bbox 1411 3777 2538 3847; baseline -0.001 -14"><span class='ocrx_word' id='word_1_427' title='bbox 1411 3785 1462 3847; x_wconf 91' lang='lat'><strong>4,</strong></span> <span class='ocrx_word' id='word_1_428' title='bbox 1503 3785 1569 3833; x_wconf 84' lang='lat'><strong>12</strong></span> <span class='ocrx_word' id='word_1_429' title='bbox 1630 3778 1833 3833; x_wconf 82' lang='lat' dir='ltr'><strong>Prisca</strong></span> <span class='ocrx_word' id='word_1_430' title='bbox 1890 3778 1955 3832; x_wconf 73' lang='lat' dir='ltr'><strong>i‘n</strong></span> <span class='ocrx_word' id='word_1_431' title='bbox 2009 3780 2195 3833; x_wconf 76' lang='lat' dir='ltr'><strong>animo</strong></span> <span class='ocrx_word' id='word_1_432' title='bbox 2250 3777 2538 3846; x_wconf 75' lang='lat' dir='ltr'><strong>Auyustae</strong></span> 
     </span>
     <span class='ocr_line' id='line_1_68' title="bbox 1409 3848 2538 3919; baseline -0.003 -15"><span class='ocrx_word' id='word_1_433' title='bbox 1409 3851 1618 3905; x_wconf 80' lang='lat' dir='ltr'><strong>valida.</strong></span> <span class='ocrx_word' id='word_1_434' title='bbox 1686 3855 1770 3917; x_wconf 83' lang='grc'><strong>15,</strong></span> <span class='ocrx_word' id='word_1_435' title='bbox 1808 3854 1879 3904; x_wconf 84' lang='lat'><strong>50</strong></span> <span class='ocrx_word' id='word_1_436' title='bbox 1924 3865 2079 3919; x_wconf 74' lang='lat' dir='ltr'><strong>quem</strong></span> <span class='ocrx_word' id='word_1_437' title='bbox 2125 3848 2428 3917; x_wconf 70' lang='lat' dir='ltr'><strong>Ryellinus</strong></span> <span class='ocrx_word' id='word_1_438' title='bbox 2471 3848 2538 3902; x_wconf 79' lang='lat' dir='ltr'><strong>in</strong></span> 
     </span>
     <span class='ocr_line' id='line_1_69' title="bbox 1411 3918 2538 4047; baseline -0.004 -72"><span class='ocrx_word' id='word_1_439' title='bbox 1411 3922 1600 4046; x_wconf 49' lang='lat' dir='ltr'><strong>anim}</strong></span> <span class='ocrx_word' id='word_1_440' title='bbox 1634 3936 1926 4047; x_wconf 45' lang='lat' dir='ltr'><strong>&amp;staff</strong></span> <span class='ocrx_word' id='word_1_441' title='bbox 1980 3919 2225 3975; x_wconf 80' lang='lat' dir='ltr'><strong>anteibat</strong></span> <span class='ocrx_word' id='word_1_442' title='bbox 2288 3919 2383 3989; x_wconf 87' lang='lat' dir='ltr'><strong>„in</strong></span> <span class='ocrx_word' id='word_1_443' title='bbox 2438 3918 2538 3973; x_wconf 86' lang='lat' dir='ltr'><strong>der</strong></span> 
     </span>
    </p>

    <p class='ocr_par' dir='ltr' id='par_1_27' title="bbox 1464 4010 1937 4047">
     <span class='ocr_line' id='line_1_70' title="bbox 1464 4010 1937 4047; baseline -0.002 -1"><span class='ocrx_word' id='word_1_444' title='bbox 1464 4010 1569 4047; x_wconf 85' lang='lat' dir='ltr'><strong>uns</strong></span> <span class='ocrx_word' id='word_1_445' title='bbox 1925 4033 1937 4045; x_wconf 90' lang='lat'><strong>.</strong></span> 
     </span>
    </p>
   </div>
   <div class='ocr_carea' id='block_1_18' title="bbox 1409 4131 2536 4347">
    <p class='ocr_par' dir='ltr' id='par_1_28' title="bbox 1409 4131 2536 4347">
     <span class='ocr_line' id='line_1_71' title="bbox 1482 4131 2534 4199; baseline -0.002 -10"><span class='ocrx_word' id='word_1_446' title='bbox 1482 4134 1580 4189; x_wconf 77' lang='lat'><strong>52.</strong></span> <span class='ocrx_word' id='word_1_447' title='bbox 1631 4139 1683 4187; x_wconf 91' lang='lat'><strong>4.</strong></span> <span class='ocrx_word' id='word_1_448' title='bbox 1731 4134 1835 4188; x_wconf 91' lang='lat' dir='ltr'><strong>Die</strong></span> <span class='ocrx_word' id='word_1_449' title='bbox 1882 4133 2131 4199; x_wconf 68' lang='lat' dir='ltr'><strong>Grunde‚</strong></span> <span class='ocrx_word' id='word_1_450' title='bbox 2182 4132 2396 4187; x_wconf 80' lang='lat' dir='ltr'><strong>welche</strong></span> <span class='ocrx_word' id='word_1_451' title='bbox 2442 4131 2534 4187; x_wconf 87' lang='lat' dir='ltr'><strong>die</strong></span> 
     </span>
     <span class='ocr_line' id='line_1_72' title="bbox 1410 4201 2536 4275; baseline -0.001 -15"><span class='ocrx_word' id='word_1_452' title='bbox 1410 4205 1702 4275; x_wconf 70' lang='lat' dir='ltr'><strong>Anklager</strong></span> <span class='ocrx_word' id='word_1_453' title='bbox 1720 4204 2012 4272; x_wconf 79' lang='lat' dir='ltr'><strong>anffihren,</strong></span> <span class='ocrx_word' id='word_1_454' title='bbox 2043 4202 2171 4257; x_wconf 86' lang='lat' dir='ltr'><strong>sind</strong></span> <span class='ocrx_word' id='word_1_455' title='bbox 2197 4201 2376 4258; x_wconf 88' lang='lat' dir='ltr'><strong>durch</strong></span> <span class='ocrx_word' id='word_1_456' title='bbox 2394 4208 2536 4259; x_wconf 81' lang='lat' dir='ltr'><strong>tam—</strong></span> 
     </span>
     <span class='ocr_line' id='line_1_73' title="bbox 1409 4273 2535 4347; baseline -0.001 -15"><span class='ocrx_word' id='word_1_457' title='bbox 1409 4293 1603 4347; x_wconf 73' lang='lat' dir='ltr'><strong>quam,</strong></span> <span class='ocrx_word' id='word_1_458' title='bbox 1648 4277 1795 4346; x_wconf 75' lang='lat' dir='ltr'><strong>quod</strong></span> <span class='ocrx_word' id='word_1_459' title='bbox 1828 4274 1945 4330; x_wconf 87' lang='lat' dir='ltr'><strong>und</strong></span> <span class='ocrx_word' id='word_1_460' title='bbox 1989 4276 2152 4344; x_wconf 76' lang='lat' dir='ltr'><strong>quasi</strong></span> <span class='ocrx_word' id='word_1_461' title='bbox 2187 4273 2535 4346; x_wconf 82' lang='lat' dir='ltr'><strong>eingeleitet.</strong></span> 
     </span>
    </p>
   </div>
  </div>
 </body>
</html>
