2867 4625
994 62 1216 118 LIBER
1249 63 1394 120 XIII.
1455 64 1613 121 CAP.
1641 70 1870 120 54—56.

2480 64 2610 130 119

209 227 435 292 modo
485 212 601 291 sua
646 226 852 310 copia,
902 225 1013 291 sed
1062 225 1492 291 adiacentium
1536 228 1924 311 populorum
1961 227 2397 312 miseratione,
2445 227 2599 312 quia

213 315 417 401 pulsi
456 337 497 379 a
525 313 804 380 Chaucis
844 317 910 379 et
947 315 1116 380 sedis
1153 315 1380 400 inopes
1416 319 1633 381 tutum
1671 316 1933 380 exilium
1978 317 2274 381 orabant.
2348 315 2605 381 aderat·

213 425 360 490 que
422 404 502 469 iis
554 405 765 469 clarus
812 425 928 488 per
971 404 1118 470 illas
1166 407 1395 488 gentes
1444 408 1509 468 et
1553 404 1745 470 nobis
1794 426 2044 489 quoque
2091 404 2284 488 fidus,
2339 405 2603 470 nomine

211 493 610 577 BoiocaluS‚
654 494 941 558 vinctum
993 515 1061 558 se
1107 493 1463 557 rebellione
1512 490 1837 558 Cherusca
1881 494 2064 558 iussu
2110 492 2394 557 Arminii
2439 492 2605 558 refe·
2646 509 2700 572 5

214 603 421 668 rens,
475 604 627 648 mox
672 582 963 666 Tiberio,
1020 579 1404 647 Germanico
1453 581 1723 647 ducibus
1770 582 2093 667 stipendia
2140 582 2479 666 meruisse,
2540 585 2606 646 et

217 671 715 756 quinquaginta
779 691 1095 735 annorum
1161 670 1471 754 obsequio
1535 669 1603 734 id
1666 692 1923 754 quoque
1984 671 2365 755 adiungere,
2434 671 2608 755 quod

219 763 506 845 gentem
572 782 757 824 suam
814 760 1050 824 dicioni
1106 762 1370 824 nostrae
1427 760 1767 824 subiceret.
1860 780 1988 844 quo
2044 762 2299 824 tantam
2352 762 2606 843 partem

220 848 459 929 campi
514 849 751 932 iacere,
805 847 877 913 in
934 870 1130 933 quam
1183 869 1420 932 pecora
1476 851 1544 912 et
1588 850 1882 912 armenta
1928 848 2210 912 militum
2257 848 2606 932 aliquando

220 936 881 1001 transmitterentur?
943 941 1293 1005 servarent.
1313 958 1467 1001 sane
1505 942 1803 1021 receptus
1842 937 2150 1024 gregibus
2188 937 2358 1001 inter
2397 937 2607 1002 homi-
2649 953 2716 1001 10

221 1047 397 1090 num
443 1025 700 1109 famem,
747 1025 938 1090 modo
975 1047 1056 1089 ne
1094 1026 1470 1090 vastitatem
1518 1028 1583 1090 et
1629 1026 2047 1092 solitudinem
2090 1025 2363 1090 mallent
2405 1047 2605 1110 quam

225 1114 491 1178 amicos
537 1113 830 1198 populos.

906 1111 1386 1179 Chamavorum
1433 1113 1758 1197 quondam
1806 1136 1883 1179 ea
1929 1136 2102 1198 arva,
2149 1135 2302 1178 mox
2339 1113 2607 1179 Tuban-

223 1205 401 1267 tum·
440 1206 509 1267 et
561 1205 715 1286 post
758 1201 1116 1287 Usiporum
1171 1202 1388 1268 fuisse.

1482 1202 1672 1268 sicuti
1727 1204 1978 1268 caelum
2030 1203 2165 1268 deis
2178 1252 2196 1286 ‚
2252 1203 2349 1268 ita
2394 1206 2603 1267 terras

227 1292 467 1376 generi
530 1291 906 1357 mortalium
966 1292 1181 1377 datas3
1246 1313 1538 1376 quaeque
1594 1312 1862 1376 vacuae,
1927 1313 2036 1357 eas
2092 1291 2385 1393 publicas
2443 1312 2602 1356 esse.

227 1381 447 1445 solem
493 1379 644 1445 inde
692 1381 1046 1464 suspiciens
1091 1383 1158 1444 et
1203 1383 1417 1445 cetera
1463 1379 1677 1445 sidera
1722 1402 1961 1446 vocans
2008 1380 2195 1464 quasi
2241 1401 2460 1445 coram
2506 1380 2603 1444 in·
2646 1394 2712 1443 15

226 1469 643 1554 terrogabat,
686 1469 1010 1534 vellentne
1057 1469 1347 1535 contueri
1387 1469 1584 1533 inane
1624 1469 1863 1534 solum:
1908 1470 2127 1552 potius
2166 1490 2343 1534 mare
2382 1490 2604 1579 super-

227 1557 588 1622 funderent
633 1556 938 1622 adversus
984 1560 1304 1622 terrarum
1350 1561 1702 1641 ereptores.

423 1645 515 1711 Et
569 1649 932 1712 commotus
977 1646 1080 1711 his
1126 1646 1390 1712 Avitus:
1445 1646 1752 1729 patienda
1797 1646 2139 1712 meliorum
2183 1646 2483 1729 imperia3
2539 1645 2604 1709 id
2626 1644 2714 1709 56

232 1734 339 1799 dis
408 1757 572 1819 quos
633 1735 1037 1818 inplorarent
1091 1735 1432 1819 placitum,
1495 1737 1571 1798 ut
1624 1735 1966 1800 arbitrium
2019 1757 2217 1819 penes
2270 1735 2604 1800 Romanos

237 1831 560 1907 maneret,
608 1824 762 1909 quid
800 1824 1029 1889 darent
1067 1824 1219 1908 quid
1258 1823 1638 1908 adimerent,
1680 1846 1889 1909 neque
1929 1824 2091 1890 alios
2128 1823 2370 1888 iudices
2411 1845 2605 1908 quam

234 1933 309 1976 se
359 1912 543 1995 ipsos
588 1916 982 1997 paterentur.
1063 1911 1224 1976 haec
1270 1912 1339 1976 in
1384 1911 1717 1995 publicum
1763 1911 2196 1997 Ampsivariis
2242 1911 2606 1996 respondit3

235 1998 370 2084 ipsi
417 1999 756 2084 Boiocalo,
813 2002 896 2066 ob
954 2001 1338 2065 memoriam
1394 2000 1720 2077 amicitiae
1777 2000 2081 2065 daturum
2127 2021 2339 2085 agros,
2433 1999 2605 2084 quod

238 2089 354 2153 ille
393 2093 471 2153 ut
508 2090 893 2173 proditionis
931 2089 1213 2173 pretium
1247 2092 1629 2173 aspernatus
1660 2088 1909 2153 addidit
1937 2087 2181 2153 ‘deesse
2209 2088 2399 2168 nobis
2428 2092 2605 2152 terra

236 2178 307 2241 in
365 2178 603 2263 vitam3
666 2178 736 2242 in
796 2200 921 2262 qua
975 2177 1355 2263 moriamur,
1413 2199 1547 2242 non
1601 2176 1870 2262 potest’,
1927 2180 2119 2261 atque
2176 2177 2273 2240 ita
2328 2176 2601 2240 infensis

237 2405 353 2444 von
411 2386 514 2441 der
557 2387 692 2441 Ems
746 2385 808 2440 in
853 2386 1126 2454 Holland‚
1181 2401 1370 2440 waren

240 2459 353 2513 mit
390 2456 503 2512 den
539 2457 787 2512 Romern
824 2456 1153 2513 verbundet.

316 2534 365 2583 3.
389 2528 494 2583 Die
517 2526 789 2583 Chauken
810 2527 1078 2583 wohnten
1094 2525 1371 2583 zwischen

241 2601 346 2654 der
380 2599 516 2653 Ems
555 2600 669 2653 und
704 2599 865 2653 Elbe.

318 2677 369 2725 4.
408 2669 572 2725 Nach
598 2669 960 2724 klassischem
990 2670 1135 2725 Usus
1162 2668 1371 2724 musste

241 2759 348 2798 ¹vor
398 2741 584 2796 clarus
627 2741 775 2795 noch
819 2742 908 2795 vir
955 2741 1177 2810 stehen,
1227 2740 1373 2795 doch

244 2813 362 2883 vgl.
403 2810 516 2866 Cic.
558 2811 626 2865 de
664 2828 777 2866 sen.
819 2816 884 2865 15
928 2813 994 2867 de
1029 2828 1142 2881 qua
1176 2812 1369 2867 doetus

247 2884 528 2939 Hesiodus
552 2898 622 2937 ne
647 2883 868 2938 verbum
893 2884 1110 2952 quidem
1131 2883 1367 2949 feeit.—

248 2960 302 3010 et
338 2985 404 2995 —-
442 2970 652 3024 quoque
688 2954 832 3008 auch
860 2952 967 3022 ΚΡ.
999 2960 1066 3008 56
1104 2959 1155 3008 et
1181 2954 1370 3009 ceteris

246 3042 471 3096 quoque.
528 3031 579 3090 4,
613 3030 643 3079 ’1
673 3029 723 3078 et
756 3029 961 3080 secreta
996 3041 1206 3094 quoque
1231 3026 1364 3079 eius.

246 3094 523 3223 Erstdseit
559 3094 750 3150 Livius
788 3097 1062 3151 zerstreut
1107 3095 1366 3150 vorkom-

245 3185 374 3222 men

320 3237 709 3363 ⁵ohrebem⁰ne
756 3237 1056 3303 Cherusca,
1109 3237 1188 3291 im
1239 3236 1290 3292 J.
1338 3242 1369 3290 9

252 3328 305 3364 ιι.
425 3326 468 3364 ι.

320 3386 368 3434 6.
429 3379 668 3446 Tiberio,
704 3377 764 3432 in
802 3379 909 3433 den
946 3378 1155 3434 Jahren
1194 3383 1369 3433 9-11

252 3468 304 3504 ιι.
340 3449 510 3577 ΟΟὲιιπς
576 3449 928 3517 Germanice,
983 3467 1097 3505 von
1155 3454 1364 3504 12—16

253 3538 303 3575 n.
422 3539 452 3576 r

322 3598 370 3648 8.
406 3608 563 3662 quo,
567 3595 792 3659 ,“.wozu
863 3592 976 3647 Cic.
1015 3592 1104 3646 ad
1143 3594 1273 3648 fam.
1316 3597 1363 3659 ’1,

255 3669 336 3730 23,
371 3669 404 3716 2
436 3664 648 3718 Martis
682 3679 809 3718 vero
844 3664 1063 3733 siynum
1098 3678 1205 3735 quo
1231 3663 1368 3717 mihi

251 3735 404 3808 pacis
453 3733 710 3790 auctori?
784 3733 917 3789 Hor.
965 3750 1050 3804 ep
1103 3742 1150 3805 1,
1197 3739 1249 3803 5,
1299 3738 1364 3787 12

256 3821 354 3876 qao
387 3805 523 3861 mihi
567 3807 901 3873 fortunam,
930 3806 985 3860 si
1028 3821 1142 3861 non
1182 3821 1365 3860 eonce-

254 3878 404 3932 ἀίων
438 3875 593 3931 uti?

325 3954 404 4003 10.
441 3949 586 4002 inter
623 3978 691 3987 -—-
727 3948 926 4014 famem
963 3947 1104 4001 statt
1131 3963 1255 4002 cum
1280 3947 1368 4001 in-

256 4026 392 4075 terea
443 4020 589 4086 fame
636 4018 977 4085 laborarent,
1045 4018 1182 4072 oder
1228 4019 1370 4073 statt

258 4089 374 4145 Abl.
414 4089 585 4144 absol.
664 4089 719 4144 S.
756 4089 904 4145 Einl.
943 4095 989 4155 §-
1031 4094 1116 4148 51.

325 4167 404 4217 12.
455 4160 560 4215 Die
599 4160 922 4215 Chamaven
957 4160 1221 4214 wohnten
1257 4176 1370 4214 von

257 4232 350 4286 der
392 4231 678 4286 mittleren
715 4231 913 4287 Weser
950 4230 1039 4285 bis
1078 4248 1203 4284 zum
1234 4229 1291 4284 N
1294 4229 1369 4285 ie·

1480 2387 1767 2456 derrhein,
1805 2403 1995 2442 waren
2032 2386 2169 2442 aber
2204 2403 2304 2441 aus
2341 2386 2605 2443 letzterer

1480 2458 1713 2528 Gegend
1741 2458 1918 2512 durch
1943 2457 2034 2512 die
2052 2457 2259 2513 Romer
2277 2458 2602 2528 verdrangt.

1480 2528 1602 2583 Den
1639 2528 1940 2583 Tubanten
1981 2545 2099 2583 war
2134 2545 2194 2583 es
2232 2529 2361 2583 dort
2397 2530 2602 2584 ebenso

1480 2599 1908 2740 ἓὶξῗὲἕθιῗίρῗέ
1945 2599 2464 2738 ffisssskffffltffl’
2492 2600 2606 2726 335

1481 2741 1591 2795 den
1642 2740 1982 2796 Chamaven.
2056 2741 2163 2796 Die
2208 2739 2348 2811 Usip
2352 2757 2412 2795 er
2467 2741 2604 2795 oder

1477 2812 1616 2881 Usip
1618 2810 1703 2866 ier
1740 2811 2032 2881 (keltisch.
2079 2811 2179 2867 Usi
2181 2813 2362 2881 petes)
2402 2811 2604 2867 hatten

1478 2882 1652 2938 sehon
1709 2888 1777 2938 55
1833 2886 1886 2938 'v.
1934 2883 2062 2937 Chr.
2108 2882 2170 2936 in
2181 2830 2439 2938 PGallien
2486 2882 2603 2937 ein-

1476 2954 1715 3024 dringen
1768 2953 1999 3022 wollen,
2060 2969 2249 3008 waren
2303 2952 2440 3007 aber
2493 2970 2607 3009 von

1480 3024 1685 3080 Caesar
1733 3025 1939 3079 zuriick
1982 2994 2221 3095 edrangt
2264 3023 2383 3078 und
2420 3023 2607 3079 sassen

1480 3114 1574 3151 am
1623 3096 1853 3151 rechten
1889 3096 1940 3150 U
1966 3113 2027 3150 er
2072 3093 2171 3150 des
2207 3094 2606 3150 Niederrheins

1479 3167 1568 3291 pis
1604 3183 1789 3292 fflgen
1824 3166 1917 3221 die
1954 3167 2244 3236 Mundung
2287 3165 2385 3222 des
2422 3164 2605 3221 Maius

1520 3254 1623 3362 ma5

1692 3309 1823 3364 inde
1860 3310 2004 3363 statt
2037 3310 2236 3364 deinde
2270 3311 2439 3378 (nach
2477 3309 2607 3364 dem

1481 3379 1605 3434 cod.
1628 3351 1805 3448 Med.)
1841 3380 1918 3434 ist
1952 3379 2145 3450 haufig
2171 3379 2266 3434 bei
2293 3379 2504 3434 Livius.
2538 3409 2605 3420 ——

1474 3465 1668 3504 vocare
1696 3451 1840 3503 statt
1865 3451 2121 3505 invocare
2146 3450 2223 3505 ist
2242 3449 2610 3522 dichterisch.

1544 3588 2125 3646 56.1.commotus.
2212 3591 2327 3645 Das
2380 3592 2605 3647 machte

1474 3659 1761 3715 Eindruck
1804 3659 1907 3714 auf
1954 3660 2080 3730 ihn,
2138 3660 2327 3716 sodal's
2375 3679 2435 3717 er
2482 3661 2607 3715 sich

1480 3731 1785 3813 begnfigte,
1825 3729 1927 3785 auf
1957 3703 2080 3785 den
2095 3731 2308 3787 Willen
2346 3732 2445 3787 der
2473 3731 2611 3787 Get-

1474 3803 1563 3858 ter
1606 3799 2006 3870 hinzuweisen‚
2055 3802 2202 3857 ohne
2249 3821 2320 3857 zu
2368 3802 2605 3858 drohen.

1478 3904 1546 3912 --
1594 3872 1796 3927 Hinter
1848 3873 2085 3941 imperia
2139 3873 2271 3927 darf
2310 3889 2457 3928 zwar
2504 3873 2607 3930 das

1476 3942 1728 3998 Verbum
1773 3943 1996 3999 dicendi
2033 3945 2161 4014 (ait)
2199 3943 2417 4012 fehlen3
2466 3944 2605 3999 viel·
2653 3967 2658 3976 ¹

1475 4014 1675 4069 leieht·
1698 4015 1775 4069 ist
1818 4031 1879 4070 es
1924 4015 2062 4069 aber
2097 4014 2377 4071 zwischen
2413 4033 2451 4071 a
2487 4016 2605 4070 und

1476 4086 1540 4142 id
1575 4085 1752 4141 durch
1788 4085 1880 4140 ein
1907 4085 2195 4141 Versehen
2223 4086 2606 4155 ausgelassen.

1550 4162 1601 4212 ⁷.
1666 4156 1869 4211 Hinter
1930 4158 2101 4225 vitam
2163 4159 2240 4212 ist
2297 4162 2480 4226 potest
2537 4175 2607 4211 zu

1478 4228 1717 4283 denken.
1775 4227 1849 4281 So
1884 4245 1991 4283 nur
2026 4229 2173 4284 noch
2201 4227 2315 4285 Cic.
2353 4228 2446 4283 fin.
2490 4235 2539 4297 1,
2573 4233 2602 4281 1
