2867 4625
228 1053 306 1117 19

289 55 294 64 ’
331 87 465 153 230

985 87 1334 145 CORNELII
1369 88 1615 145 TACITI
1652 87 2045 144 ANNALIUM

328 251 598 336 thyniae
645 253 712 316 et
757 273 909 316 mox
951 252 1179 317 consul
1214 252 1545 338 vigentem
1584 274 1653 317 se
1692 274 1768 318 ac
1805 274 2030 336 parem
2065 252 2343 339 negotiis
2381 253 2656 318 ostendit.

331 340 480 405 dein
525 340 861 406 revolutus
908 340 991 405 ad
1035 340 1216 424 vitia,
1263 363 1377 406 seu
1423 341 1730 407 vitiorum
1777 341 2168 427 imitatione,
2223 342 2395 407 inter
2443 363 2656 426 paucos

225 446 292 496 ιο
327 428 755 495 familiarium
818 427 1065 495 Neroni
1131 428 1512 514 adsumptus
1579 433 1704 514 est,
1776 431 2137 516 elegantiae
2202 431 2467 514 arbiter,
2528 431 2658 496 dum

327 519 503 583 nihil·
543 539 889 583 amoenum
936 521 1004 583 et
1048 518 1247 583 molle
1294 519 1646 585 adfluentia
1692 522 1905 605 putat,
1960 521 2091 585 nisi
2137 520 2310 604 quod
2355 519 2417 591 ei
2462 519 2658 585 Petro-

327 608 477 673 nius
516 606 1023 693 adprobavisset.
1096 607 1263 673 unde
1299 608 1552 674 invidia
1579 608 1887 694 Tigellini
1916 611 2105 695 quasi
2133 608 2440 675 adversus
2471 630 2660 673 aemu-

326 697 463 761 lum
509 701 577 762 et
622 697 899 763 scientia
943 697 1346 781 voluptatum
1393 698 1735 782 potiorem.
1818 718 1976 783 ergo
2025 698 2472 764 crudelitatem
2504 698 2655 781 prin·

329 785 519 870 cipis,
593 786 699 851 cui
761 789 1013 852 ceterae
1074 785 1376 852 libidines
1443 786 1785 871 cedebant,
1854 787 2261 873 adgreditur,
2326 787 2659 852 amicitiam

223 889 290 939 15
330 872 627 941 Scaevini
652 874 963 941 Petronio
1001 875 1357 960 obiectans,
1392 879 1701 960 corrupto
1742 875 1823 940 ad
1859 876 2171 942 indicium
2209 898 2396 942 servo
2429 877 2665 959 ademp-

327 967 526 1048 taque
572 963 943 1029 defensione
992 967 1058 1029 et
1103 965 1348 1030 maiore
1393 968 1580 1048 parte
1625 965 1918 1030 familiae
1963 966 2032 1031 in
2078 966 2295 1031 vincla
2339 970 2546 1050 rapta.

505 1051 700 1119 Forte
745 1054 879 1118 illis
926 1053 1153 1119 diebus
1201 1051 1620 1138 Campaniam
1665 1055 1989 1139 petiverat
2036 1052 2295 1140 Caesar,
2341 1058 2413 1119 et
2453 1052 2663 1120 Cumas

325 1164 530 1227 usque
593 1162 978 1227 progressus
1034 1142 1380 1208 Petronius
1444 1142 1583 1207 illic
1643 1144 2067 1228 attinebatur3
2131 1166 2254 1210 nec
2307 1143 2468 1209 tulit
2517 1145 2665 1209 ultra

325 1231 581 1297 timoris
629 1235 743 1297 aut
789 1232 930 1317 spei
974 1253 1210 1297 moras.
1298 1253 1504 1317 neque
1551 1237 1772 1297 tamen
1807 1254 2119 1318 praeceps
2164 1234 2375 1298 vitam
2423 1233 2669 1318 expulit,

326 1321 440 1386 sed
485 1320 723 1386 incisas
769 1342 991 1407 venas,
1034 1324 1109 1387 ut
1151 1320 1431 1406 libitum,
1483 1320 1813 1406 obligatas
1862 1322 2113 1407 aperire
2158 1344 2423 1388 rursum
2473 1328 2537 1387 et
2574 1322 2664 1386 ad·

194 1421 214 1450 ·
255 1422 288 1472 5
324 1408 505 1494 loqui
561 1410 834 1493 amicos,
895 1432 1029 1475 non
1094 1431 1209 1495 per
1263 1410 1434 1475 seria
1490 1413 1604 1475 aut
1657 1411 1893 1496 quibus
1949 1412 2226 1496 gloriam
2278 1412 2666 1477 constantiae

326 1502 594 1583 peteret.
678 1499 1110 1584 audiebatque
1155 1499 1526 1584 referentes,
1569 1499 1738 1564 nihil
1785 1499 1863 1564 de
1909 1501 2388 1566 inmortalitate
2434 1501 2667 1566 animae

327 1591 394 1652 et
429 1588 820 1672 sapientium
858 1589 1138 1674 placitis,
1183 1588 1296 1653 sed
1331 1589 1504 1653 levia
1540 1589 1827 1654 carmina
1865 1592 1931 1654 et
1967 1589 2193 1656 faciles
2232 1611 2487 1657 versus.
2558 1611 2668 1654 ser·
2768 1629 2771 1682 3

323 1697 553 1741 vorum
608 1678 772 1743 alios
827 1677 1203 1763 largitione,
1263 1678 1580 1762 quosdam
1634 1678 2010 1744 verberibus
2071 1678 2323 1744 adfecit.
2422 1679 2569 1743 iniit
2616 1681 2668 1743 et

326 1765 577 1850 epulas,
643 1787 873 1832 somno
929 1767 1229 1849 indulsit,
1281 1770 1356 1831 ut
1414 1788 1808 1852 quamquam
1863 1772 2087 1832 coacta
2142 1789 2319 1833 mors
2378 1768 2667 1833 fortuitae

220 1870 288 1919 10
327 1854 559 1919 similis
607 1857 793 1920 esset.
879 1877 963 1920 ne
1010 1855 1325 1921 codicillis
1371 1855 1650 1941 quidem,
1696 1855 1870 1941 quod
1914 1858 2208 1941 plerique
2250 1858 2667 1942 pereuntium,

325 1941 651 2008 Neronem
708 1947 823 2009 aut
867 1944 1264 2031 Tigellinum
1321 1949 1435 2010 aut
1482 1967 1673 2030 quem
1722 1944 1921 2010 alium
1966 1946 2334 2030 potentium
2385 1946 2664 2012 adulatus

325 2036 451 2097 est:
508 2032 620 2097 sed
672 2033 927 2119 flagitia
979 2034 1293 2119 principis
1351 2035 1473 2100 sub
1529 2034 1900 2100 nominibus
1957 2035 2360 2100 exoletorum
2416 2036 2665 2101 femina-

322 2142 594 2206 rumque
631 2125 699 2187 et
731 2123 1092 2189 novitatem
1125 2123 1433 2207 cuiusque
1464 2124 1674 2209 stupri
1701 2123 2082 2210 perscripsit
2110 2127 2303 2208 atque
2333 2125 2664 2211 obsignata

324 2210 506 2275 misit
541 2209 808 2278 Neroni.
871 2212 1195 2297 fregitque
1234 2212 1521 2296 anulum,
1556 2234 1642 2277 ne
1679 2234 1831 2277 mox
1867 2213 2017 2277 usui
2054 2217 2225 2279 esset
2261 2213 2345 2278 ad
2388 2213 2663 2280 facienda

224 2314 287 2365 15
325 2299 628 2384 pericula.

321 2494 1377 2647 ffmmssssmwffoffie'dgbssn'ssffissat
1364 2511 1450 2621 31³3

325 2633 521 2759 SP}s⁸e
576 2651 729 2691 emes
774 2636 1098 2693 harmlosen
1141 2637 1448 2693 Menschen

324 2722 396 2760 au
423 2750 435 2761 .

396 2783 447 2832 9.
491 2778 793 2846 revolutus,
844 2778 951 2832 wie
998 2784 1058 2848 4,
1097 2784 1129 2834 9
1177 2780 1255 2833 ad
1298 2796 1448 2835 vana

322 2847 454 2906 hist.
502 2854 562 2918 3,
612 2855 682 2903 26
738 2851 813 2905 ad
867 2850 1117 2905 inritum.
1200 2839 1446 2906 Khnlich

323 2919 495 2975 sehon
528 2918 624 2975 bei
662 2920 871 2977 Cicero.

395 2996 480 3046 10.
528 2992 749 3048 arbiter.
821 2991 1029 3047 Hierzu
1079 2993 1298 3047 stimmt
1344 2993 1445 3049 der

323 3061 425 3116 auf
465 3062 574 3117 den
619 3061 808 3119 Titeln
853 3064 954 3117 der
1006 3063 1444 3119 Handschriften

322 3134 593 3188 stehende
640 3134 821 3188 Name
864 3133 1160 3190 Petronius
1199 3134 1440 3190 Arbiter.

321 3203 434 3258 Der
469 3197 738 3259 Beiname
782 3204 960 3260 findet
1006 3205 1125 3260 sich
1167 3205 1312 3261 auch
1349 3205 1445 3260 bei

322 3274 475 3331 einer
512 3273 762 3330 anderen
787 3275 1001 3330 Person
1038 3275 1141 3330 auf
1172 3276 1326 3331 einer
1352 3276 1442 3332 In·

325 3344 522 3416 schrift
559 3362 659 3400 aus
697 3346 929 3416 Neapel.

397 3421 480 3471 12.
529 3418 838 3486 adprobare
882 3418 1056 3473 alicui
1100 3418 1316 3489 aliquid
1353 3420 1444 3488 (-—-

320 3488 532 3555 efficere
584 3494 648 3542 ut
703 3490 921 3559 aliqudd
964 3490 1251 3560 probetur)
1299 3491 1445 3545 auch

326 3565 411 3628 15,
440 3564 525 3615 59.
556 3561 685 3629 Agr.
717 3566 774 3615 5·
779 3562 972 3629 prima
1007 3567 1314 3617 castrorum
1347 3579 1444 3617 ru-

321 3631 565 3686 dimenta
622 3630 883 3687 Suetonio
942 3632 1189 3689 Paulino
1242 3633 1445 3702 adpro-

324 3703 475 3759 bavit
482 3723 504 3769 ;
540 3719 602 3758 so
641 3702 816 3758 sehon
851 3701 944 3758 bei
981 3703 1190 3760 Cicero.

399 3780 481 3828 14.
538 3775 862 3846 adyreditur
909 3791 1005 3841 „er
1049 3774 1273 3830 wendet
1319 3774 1442 3830 sich

323 3848 481 3929 an“.‘
540 3845 670 3929 Ygl.
728 3845 870 3929 hist..
918 3852 977 3910 1,
1025 3851 1092 3901 ’18
1150 3847 1444 3916 laryitione

315 3918 1320 4068 10'3'35”⁰§22²;2³²1.z2²”3530¹{2⁶5⁸53·
1355 3989 1442 4043 21.

323 4053 676 4112 Teilnehmer
730 4075 804 4113 an
850 4057 950 4113 der
993 4058 1443 4130 Verschworung

324 4127 422 4181 des
460 4126 589 4182 Piso
627 4133 898 4197 genannt3
937 4146 999 4185 er
1034 4147 1152 4184 war
1189 4129 1442 4192 Senator.

398 4264 492 4321 19.
524 4272 573 4321 ’1.
603 4272 853 4327 carmina
870 4271 994 4327 sind
1013 4270 1232 4343 Lieder‚
1264 4273 1444 4328 wahr-

1555 2494 1862 2550 scheinlich
1907 2494 1969 2550 in
2006 2494 2312 2566 Strophen,
2357 2513 2551 2552 verm
2583 2496 2663 2551 ds-

1553 2582 1739 2636 gegen
1773 2566 1806 2621 J
1811 2567 2017 2621 amben
2063 2565 2198 2621 oder
2241 2566 2532 2639 Dactylen
2570 2584 2665 2622 von

1556 2636 1905 2693 satirischem
1950 2636 2085 2693 oder
2139 2637 2445 2694 obscenem
2482 2639 2662 2695 Inhalt.

1627 2750 1678 2799 8.
1726 2745 1867 2800 alios
1895 2775 1963 2784 —
1991 2745 2272 2814 quosdam,
2306 2740 2413 2801 ἅπ.
2447 2745 2547 2815 sto.
2575 2746 2664 2801 wie

1553 2816 1752 2952 §angos
1791 2846 1856 2855 —
1895 2818 2157 2885 quosdam
2196 2822 2292 2886 11,
2334 2822 2384 2872 ’1.
2449 2818 2506 2874 S.
2538 2817 2661 2872 Einl.

1627 2999 1708 3047 11.
1759 3011 1917 3063 quem
1960 2996 2152 3050 alium.
2226 2995 2505 3053 Dasselbe
2547 2995 2662 3050 Pro·

1551 3079 1757 3119 nomen
1804 3065 1899 3120 bei
1943 3067 2094 3122 alius
2137 3068 2283 3121 auch
2332 3072 2431 3135 13,
2471 3071 2539 3122 57
2578 3069 2664 3120 aut

1550 3151 1658 3205 quo
1677 3136 1790 3191 alio
1807 3137 2045 3193 humore.
2087 3143 2171 3206 14,
2193 3143 2260 3192 33
2289 3138 2519 3194 aliudve
2537 3135 2664 3208 quod

1552 3237 1619 3246 -
1667 3209 2057 3266 commercium.
2134 3215 2232 3276 15,
2270 3214 2338 3264 88
2388 3215 2493 3265 aut
2624 3209 2635 3220 '

1550 3279 1725 3333 aliud.
1805 3285 1832 3332 1
1850 3319 1863 3345 ,
1900 3285 1937 3335 4
1974 3281 2134 3336 aliud
2166 3282 2303 3350 quid
2341 3279 2513 3351 (Konj

1553 3350 1697 3404 statt
1739 3351 1995 3420 aliquid).
2069 3351 2191 3407 Liv.
2229 3356 2292 3419 5,
2329 3356 2403 3406 54
2445 3353 2662 3407 aliamve
2774 3372 2775 3385 2

1551 3437 1717 3490 quam
1751 3423 1954 3477 urbem.

1627 3532 1710 3582 12.
1738 3528 1839 3582 sub
1869 3529 2185 3583 nomv'mibus
2212 3528 2265 3584 d.
2297 3530 2351 3584 h.
2382 3546 2443 3584 er
2468 3530 2660 3585 nannte

1552 3615 1658 3653 nur
1705 3598 1795 3654 die
1833 3598 1887 3652 N
1890 3615 2057 3654 amen
2097 3599 2197 3655 der
2233 3600 2536 3672 allgemein
2569 3601 2656 3654 be-

1550 3668 1806 3725 kannten
1860 3668 2247 3739 Teilnehmer,
2314 3688 2377 3726 so
2436 3670 2558 3726 dass
2608 3685 2660 3723 es

1554 3739 1714 3796 nicht
1757 3741 1920 3812 notig
1965 3759 2111 3809 war,
2156 3742 2266 3797 den
2301 3742 2450 3797 Nero
2497 3741 2659 3796 selbst

1551 3829 1620 3866 zu
1655 3828 1894 3868 nennen.
1966 3812 2096 3884 Vgl.
2135 3818 2187 3880 5,
2225 3818 2259 3867 4
2294 3814 2397 3870 sub
2434 3812 2657 3868 nomini·

1551 3884 1652 3938 bus
1687 3885 2088 3940 conffldarium.
2140 3883 2259 3940 Liv.
2293 3891 2341 3951 1,
2369 3891 2435 3940 36
2468 3885 2568 3940 sub
2592 3883 2658 3937 is·

1549 3955 1668 4079 ‘Ilm
1693 3956 2010 4011 nominibus
2036 3957 2305 4026 appellati
2327 3961 2473 4011 sunt.
2527 3953 2655 4009 Ibid.

1626 4139 1708 4187 14.
1749 4133 1996 4189 anulum.
2044 4133 2158 4189 Der
2179 4133 2490 4205 Siegelring
2506 4131 2654 4187 hatte
2774 4150 2775 4153 ¹

1553 4221 1647 4258 zur
1675 4203 1992 4276 Falschung
2023 4221 2135 4261 von
2162 4205 2383 4262 Briefen
2408 4205 2521 4260 und
2547 4201 2655 4256 Do·
2774 4230 2775 4237 κ

1552 4273 1860 4331 kumenten
1904 4275 2136 4332 benutzt
2170 4277 2390 4334 werden
2423 4276 2652 4332 konnen.
