2867 4625
926 87 1147 143 LIBER
1181 85 1274 142 XI.
1343 86 1499 143 CAP.
1545 91 1769 142 15-18,
2458 86 2541 152 15

175 250 375 315 alium
438 249 756 315 infensius
821 272 1005 323 arma
1058 253 1287 314 contra
1339 249 1625 333 patriam
1681 269 1757 313 ac
1812 248 1967 313 deos
2021 252 2288 331 penates
2345 272 2540 334 quam

175 342 513 424 parentem
559 339 697 403 eius
744 338 1120 404 exercuisse.

351 426 478 492 His
530 430 723 511 atque
774 427 1021 493 talibus
1076 447 1351 512 magnas
1406 426 1626 510 copias
1683 446 1975 511 coegere3
2030 448 2151 492 nec
2205 427 2540 511 pauciores
2565 431 2645 496 17

170 515 476 581 Italicum
523 516 977 600 sequebantur.
1067 536 1203 581 non
1250 515 1437 584 enim.
1468 516 1792 599 inrupisse
1838 515 1919 580 ad
1966 515 2234 600 invitos,
2280 516 2392 582 sed
2438 538 2540 582 ac·

173 606 376 670 citum
421 605 845 689 memorabat,
892 603 1150 690 quando
1195 604 1543 675 nobilitate
1591 607 1839 669 ceteros
1879 604 2184 670 anteiret:
2230 605 2538 671 virtutem

170 694 644 778 experirentur,
710 716 795 758 an
851 693 1120 777 dignum
1177 714 1245 757 se
1299 697 1536 777 patruo
1601 692 1929 777 Arminio,
1995 714 2116 758 avo
2182 694 2537 760 Actumero

166 782 532 868 praeberet.
617 802 741 847 nec
785 786 1040 867 patrem
1082 782 1308 847 rubori
1315 832 1333 866 ,
1390 781 1566 867 quod
1610 781 1804 846 fidem
1851 781 2157 847 adversus
2203 781 2537 849 Romanos
2576 801 2609 850 ὅ

166 871 542 937 volentibus
579 869 921 936 Germanis
969 874 1296 974 sumptam
1331 891 1688 972 numquam
1726 870 2070 935 omisisset.
2142 870 2312 936 falso
2348 872 2540 937 liber-

166 962 327 1026 tatis
373 959 761 1025 vocabulum
808 958 1076 1026 obtendi
1122 960 1204 1026 ab
1251 959 1353 1043 iis,
1370 959 1514 1061 ⁸qui
1552 958 1859 1044 privatim
1898 958 2268 1044 degeneres,
2312 961 2384 1024 in
2420 983 2536 1045 pu·

164 1049 412 1115 blicum
460 1049 763 1137 exitiosi,
823 1049 993 1113 nihil
1059 1048 1196 1132 spei
1258 1047 1389 1113 nisi
1451 1069 1571 1131 per
1625 1046 1977 1113 discordias
2032 1046 2339 1114 habeant.
2431 1048 2537 1114 ad-

166 1129 501 1222 strepebat
545 1136 695 1202 huic
740 1137 952 1202 alacre
998 1137 1262 1221 vulgus3
1310 1139 1377 1201 et
1422 1157 1663 1222 magno
1709 1136 1881 1201 inter
1924 1135 2239 1202 barbaros
2284 1137 2533 1221 proelio

165 1226 381 1292 victor
432 1246 571 1310 rex,
626 1225 774 1290 dein
827 1226 1107 1291 secunda
1150 1225 1419 1290 fortuna
1461 1224 1546 1290 ad
1593 1224 1962 1309 superbiam
2006 1226 2351 1310 prolapsus
2397 1227 2642 1310 pul-10

163 1335 406 1400 susque
472 1335 547 1378 ac
610 1335 834 1380 rursus
890 1313 1474 1400 Langobardorum
1530 1313 1763 1398 opibus
1818 1313 2124 1399 refectuS,
2186 1335 2304 1398 per
2358 1315 2535 1380 laeta

160 1425 285 1489 per
327 1402 601 1468 adversa
644 1424 748 1468 res
796 1400 1159 1469 Cheruscas
1208 1402 1604 1469 adflictabat.

343 1491 476 1557 Per
507 1491 679 1557 idem
714 1495 973 1576 tempus
1012 1490 1272 1576 Chauci,
1313 1491 1496 1556 nulla
1534 1491 1936 1557 dissensione
1974 1490 2169 1575 domi,
2217 1493 2285 1555 et
2320 1494 2531 1557 morte
2556 1494 2637 1559 18

159 1578 505 1665 Sanquinii
561 1581 832 1665 alacres,
889 1578 1067 1646 dum
1103 1578 1385 1647 Corbulo
1439 1580 1779 1665 adventat,
1833 1578 2210 1645 inferiorem
2265 1577 2530 1645 Germa-

155 1669 340 1734 niam
384 1670 790 1735 incursavere
827 1669 989 1735 duce
1029 1667 1393 1754 Gannasco,
1440 1669 1555 1754 qui
1589 1670 1858 1734 natione
1898 1667 2310 1750 Canninefas,
2357 1669 2531 1733 auxi-

157 1758 343 1823 liaris
393 1761 460 1822 et
502 1758 613 1824 diu
659 1758 957 1842 meritus,
1011 1760 1162 1843 post
1205 1757 1578 1844 transfuga,
1635 1758 1886 1823 levibus
1936 1756 2215 1842 navigiis
2261 1758 2529 1841 praeda-

153 1842 420 1912 bundus
461 1845 797 1912 Gallorum
844 1848 1123 1913 maxime
1170 1868 1353 1912 oram
1390 1848 1722 1950 vastabat,
1766 1868 1905 1912 non
1950 1848 2216 1932 ignarus
2259 1846 2426 1911 dites
2466 1849 2534 1912 et
2567 1866 2601 1916 5

152 1936 438 2001 inbelles
496 1956 655 2001 esse.
747 1939 819 2001 at
873 1934 1156 2003 Corbulo
1220 1936 1625 2039 provinciam
1687 1936 2024 2022 ingressus
2089 1955 2329 2021 magna
2383 1956 2531 2000 cum

155 2045 315 2089 cura
373 2028 440 2089 et
492 2046 646 2090 mox
699 2024 937 2110 gloria,
990 2025 1095 2090 cui
1146 2024 1541 2109 principium
1583 2025 1699 2090 illa
1743 2025 1979 2089 militia
2022 2024 2175 2108 fuit,
2231 2024 2530 2089 triremes

155 2113 348 2179 alveo
386 2113 617 2197 Rheni,
662 2116 910 2179 ceteras
957 2114 1241 2198 navium,
1284 2117 1361 2179 ut
1405 2118 1696 2199 quaeque
1736 2113 2009 2196 habiles,
2053 2133 2172 2196 per
2208 2113 2531 2177 aestuaria

154 2205 222 2266 et
280 2202 496 2267 fossas
553 2201 800 2287 adegit3
856 2203 1293 2286 lintribusque
1346 2201 1640 2269 hostium
1695 2201 2016 2286 depressis
2073 2204 2139 2265 et
2184 2200 2527 2267 exturbato

225 2412 326 2469 1⁷.
383 2418 433 2468 3.
481 2399 635 2469 Uber
678 2416 902 2484 quando
943 2415 1003 2469 in
1042 2415 1295 2470 causaler

147 2483 454 2539 Bedeutun
541 2502 582 2539 s.
633 2484 778 2542 Einl.
827 2491 1035 2551 5.100.
1084 2516 1152 2528 --
1190 2503 1292 2541 an·

150 2557 290 2611 teia-e
318 2555 430 2610 mit
497 2571 587 2610 em
614 2557 936 2627 Accusativ,
972 2557 1081 2613 wie
1119 2564 1175 2625 3,
1201 2562 1288 2614 47.

146 2625 285 2681 hist.
325 2632 379 2695 2,
409 2631 443 2681 5
479 2627 596 2681 ιιιιᾱ
629 2627 790 2697 efter,
833 2628 981 2683 noch
1011 2628 1171 2684 nicht
1194 2628 1289 2684 bei

151 2668 379 2752 Cicero
394 2698 510 2752 und
547 2696 766 2754 Caesar

229 2800 282 2850 6.
321 2795 629 2851 volentibus
656 2794 963 2852 Germanis,
1012 2796 1141 2867 Vgl.
1173 2802 1223 2865 2,
1252 2801 1288 2850 4

147 2865 585 2922 Ariobarzanen
646 2868 953 2924 volentibus
1005 2866 1289 2923 Armeniis

138 2936 445 3007 praefecit.

225 3039 278 3090 ’1.
327 3035 612 3090 obtendere
666 3034 1124 3104 „vorschfitzen‘g
1180 3035 1289 3092 wie

152 3111 214 3173 1,
260 3109 349 3162 26.
398 3111 463 3172 3,
504 3111 570 3162 17
607 3076 725 3160 un’d
762 3106 933 3178 oster,
980 3106 1040 3161 in
1077 3078 1289 3162 diesem

151 3174 335 3231 Sinne
371 3145 475 3230 voi:
512 3176 742 3231 Tacitus
786 3149 1285 3247 ungebrauchlich.

145 3245 316 3302 Doch
375 3247 505 3315 sagt
559 3247 733 3303 sehon
779 3248 995 3303 Sallust
1044 3249 1290 3304 obtentui

146 3333 291 3385 esee,
341 3316 563 3372 Livius.
608 3320 709 3374 sub
756 3320 993 3376 obtentu.
1033 3349 1102 3360 -
1140 3321 1240 3390 deq
1239 3337 1287 3377 e-

144 3404 254 3444 ner

146 3466 211 3527 6,
259 3465 352 3515 42.
414 3464 510 3528 12,
556 3465 642 3515 51.
723 3461 789 3516 In
844 3461 1030 3517 dieser
1076 3431 1288 3517 B’edeu-

145 3530 295 3600 tung
343 3502 541 3585 frfiher
583 3531 1081 3601 ungebrauchlich.
1155 3532 1284 3604 Vgl.

149 3619 223 3655 zu
260 3607 326 3669 6,
364 3606 453 3657 42.

224 3695 314 3744 11.
381 3687 488 3744 Die
552 3687 987 3760 Langobarden',
1064 3692 1286 3746 damals

147 3759 512 3816 nordostlioh
583 3777 694 3816 von
759 3761 868 3816 den
933 3762 1287 3818 Cheruskern

144 3830 456 3900 wohnend,
484 3847 558 3886 an
585 3831 788 3887 beiden
810 3832 986 3887 Ufern
1005 3833 1106 3888 der
1123 3832 1283 3902 Elbe,

145 3902 383 3957 werden
457 3904 575 3957 erst
644 3902 724 3956 im
802 3902 1062 3959 sechsten
1122 3905 1160 3960 J
1160 3905 1284 3959 ahr

146 3973 405 4027 hundert
458 3973 762 4028 histor-isch
816 3975 1154 4030 bedentend.
1216 4006 1285 4017 -

138 4059 253 4113 per
307 4044 457 4098 laeta
501 4060 609 4115 per
658 4046 908 4101 adversa.
990 4034 1141 4101 Uber
1186 4046 1287 4102 das

148 4114 512 4171 adversative
532 4116 865 4186 Asyndeton
892 4135 935 4173 s.
956 4117 1103 4172 Einl.
1129 4122 1175 4183 5.
1201 4122 1285 4173 74.

228 4256 321 4312 18.
371 4265 419 4315 1.
468 4256 575 4314 Die
606 4256 875 4314 Chauken
911 4259 1178 4316 wohnten
1215 4277 1289 4316 an

299 3405 451 3455 „von
492 3389 752 3445 niederer
791 3391 1128 3458 Herkunft‘ss
1180 3390 1288 3447 wie

1402 2415 1505 2471 der
1539 2412 1809 2483 Nordsee,
1852 2429 1963 2470 von
2003 2413 2102 2467 der
2137 2412 2272 2468 Ems
2307 2413 2396 2469 bis
2433 2432 2531 2500 zur

1399 2484 1561 2541 Elbe.

1474 2563 1524 2611 2.
1571 2554 1687 2610 Der
1713 2554 1838 2609 Tod
1869 2554 1972 2609 des
2000 2554 2356 2624 Sanquinius,
2393 2556 2527 2610 wel-

1401 2629 1537 2683 cher
1620 2625 2012 2695 Stadtprafekt
2072 2626 2189 2680 und
2270 2626 2526 2682 zweimal

1398 2697 1617 2754 Konsul
1708 2712 1924 2752 ewesen
1962 2712 2104 2763 war,
2153 2696 2295 2751 wird
2331 2696 2392 2751 in
2428 2698 2530 2752 der

1401 2767 1672 2839 voraufge
1716 2768 1899 2822 enden
1944 2766 2137 2823 Lficke
2189 2768 2290 2823 der
2335 2767 2525 2823 Hand-

1397 2839 1599 2896 schriflz
1654 2839 1911 2893 erwahnt
1956 2837 2184 2893 worden
2238 2837 2374 2894 sein
2446 2840 2525 2894 Er

1397 2911 1552 2966 starb
1589 2910 1675 2965 als
1703 2909 2008 2979 Proprator
2038 2925 2133 2963 am
2157 2908 2525 2979 Unterrhein3

1394 2981 1679 3037 Domitius
1729 2979 1973 3036 Corbulo
2028 2980 2108 3035 ist
2160 2980 2282 3035 sein
2338 2952 2526 3035 Naohl

1395 3052 1604 3123 folger,
1658 3068 1770 3108 von
1816 3051 1968 3107 Nero
2014 3057 2083 3106 67
2139 3069 2267 3106 zum
2316 3051 2525 3107 Selbst-

1396 3124 1562 3178 mord
1598 3140 1961 3207 gezwungen.

1470 3201 1521 3249 3.
1559 3194 1665 3250 Die
1698 3193 2104 3250 Canninefaten
2132 3194 2399 3251 wohnten
2427 3194 2532 3249 auf

1397 3266 1500 3321 der
1553 3265 1781 3336 grossen
1834 3263 2182 3321 Rheininsel.
2269 3264 2413 3321 Plin.
2468 3283 2523 3320 n.

1395 3337 1452 3390 h.
1493 3342 1527 3391 4
1574 3342 1619 3404 5.
1662 3343 1761 3392 101
1810 3338 1875 3390 in
1922 3336 2115 3391 Rheno
2159 3337 2310 3406 ipso,
2348 3352 2527 3406 prope

1400 3408 1525 3463 OM
1558 3424 1710 3478 pass.
1767 3408 1833 3462 in
1886 3408 2312 3477 lonyit‘udinem,
2368 3408 2525 3462 nobi-

1398 3480 1610 3535 lissima
1654 3479 2003 3533 Batavorum
2045 3479 2238 3533 mula
2281 3483 2333 3533 et
2382 3477 2525 3533 Gan

1396 3551 1748 3618 nimfatium.

1469 3626 1521 3676 ὃ.
1568 3620 1722 3676 dites.
1796 3618 1964 3675 Diese
2013 3620 2308 3675 verln‘irzte
2352 3620 2523 3675 Form

1394 3692 1474 3747 ist
1508 3690 1850 3746 dichterisch
1889 3691 2004 3744 und
2041 3690 2486 3745 nachklassisch.

1467 3769 1518 3818 8.
1566 3762 1801 3828 habiles,
1856 3760 2140 3816 natfirlich
2195 3761 2522 3830 Fahrzeuge

1393 3833 1503 3888 mit
1536 3831 1892 3904 geringerem
1929 3831 2257 3901 Tiefgange.

1466 3910 1516 3961 9.
1570 3903 1830 3970 fossae,
1834 3902 2119 3972 ,Kanale‘fi
2177 3931 2245 3942 —
2302 3903 2523 3972 adigere

1392 3991 1507 4031 von
1552 3974 1823 4043 Schiffen,
1874 3975 1983 4030 wie
2030 3979 2091 4043 2,
2140 3980 2171 4029 ’1
2219 3975 2352 4029 dum
2397 3974 2520 4028 adi-

1392 4051 1605 4118 mantur
1639 4063 1824 4104 naves.
1866 4046 1997 4100 hist.
2038 4051 2091 4115 2,
2127 4050 2196 4101 83
2235 4046 2482 4100 classens-
2477 4046 2521 4097 -ιι

1398 4119 1581 4173 Ponto
1635 4117 1980 4189 Byzantium
2042 4117 2202 4186 adigi
2263 4118 2538 4182 iussus-aa·

1395 4189 1511 4245 und
1547 4189 1711 4246 oster.
1779 4190 1853 4245 So
1891 4206 1997 4243 nur
2024 4188 2117 4244 bei
2146 4188 2377 4244 Tacitus
2399 4187 2522 4242 und

1393 4261 1476 4314 im
1514 4259 1849 4331 Spatlatein.
