2867 4625
381 99 516 165 210
1034 99 1383 155 CORNELII
1418 98 1667 154 TACITI
1705 98 2098 153 ANNALIUM

275 278 345 330 15
383 263 559 330 dicta
621 262 881 329 Natalis
948 284 1189 348 suaque
1253 284 1570 348 responsa
1634 264 1931 328 nosceret
1995 263 2369 347 percontari
2428 259 2691 329 Senecam

381 353 657 418 iubetur.
711 352 769 417 is
805 352 977 417 forte
1016 374 1102 416 an
1147 353 1428 436 prudens
1470 352 1552 417 ad
1589 374 1734 418 eum
1775 351 1942 416 diem
1981 373 2059 415 ex
2101 348 2459 435 Campania
2490 372 2692 416 remea·

381 444 593 524 verat,
649 444 1079 527 quartumque
1135 441 1306 526 apud
1360 442 1647 526 lapidem
1704 441 2081 505 suburbano
2137 462 2284 505 rure
2342 441 2694 506 substiterat.

381 532 498 596 illo
544 531 910 616 propinqua
947 551 1219 614 vespera
1262 530 1564 596 tribunus
1612 530 1798 596 venit
1833 533 1902 594 et
1936 529 2156 594 villam
2208 529 2420 615 globis
2455 528 2695 593 militum

383 620 653 705 saepsit3
706 622 848 684 tum
903 620 1029 704 ipsi
1074 641 1219 685 cum
1265 619 1577 703 Pompeia
1621 619 1897 684 Paulina
1941 639 2142 683 uxore
2200 621 2267 683 et
2312 618 2532 684 amicis
2573 618 2697 684 duo-
2774 629 2775 704 ξ

276 724 346 775 2ο
383 710 506 774 bus
555 709 848 792 epulanti
894 708 1205 773 mandata
1250 708 1668 792 imperatoris
1715 708 1934 773 edidit.
2774 711 2775 714 ’

275 798 359 863 61
564 795 805 862 Seneca
851 799 1120 862 missum
1157 795 1238 863 ad
1285 820 1353 863 se
1390 796 1694 863 Natalem
1743 799 2293 882 conquestumque
2336 796 2586 861 nomine
2616 795 2697 861 Pi·
2774 813 2775 826 ¹

383 887 561 953 sonis
608 887 780 971 quod
827 908 867 951 a
911 887 1181 952 visendo
1228 909 1303 952 eo
1350 887 1835 972 prohiberetur,
1883 907 2080 971 seque
2123 885 2448 951 rationem
2493 887 2697 950 valetu-

383 976 553 1040 dinis
610 979 679 1041 et
732 997 1016 1041 amorem
1081 977 1317 1061 quietis
1374 976 1786 1042 excusavisse
1884 974 2204 1059 espondit.
2296 996 2413 1040 cur
2465 975 2697 1039 salutem

381 1065 623 1149 privati
676 1065 960 1130 hominis
1007 1062 1446 1131 incolumitati
1492 1086 1647 1130 suae
1694 998 1883 1129 antei

312 1169 346 1221 5
382 1153 629 1237 buisse3
693 1175 811 1219 nec
877 1154 1001 1218 sibi
1063 1157 1436 1238 promptum
1500 1154 1570 1218 in
1629 1153 2035 1218 adulationes
2097 1153 2455 1239 ingenium.
2542 1152 2695 1237 idque
2772 1141 2775 1196 ³

383 1243 549 1307 nulli
594 1243 806 1328 magis
854 1263 1132 1327 gnarum
1179 1265 1374 1328 quam
1419 1242 1696 1327 Neroni,
1754 1242 1864 1329 qui
1911 1242 2171 1326 saepius
2218 1243 2579 1307 libertatem
2618 1239 2695 1305 Se-

382 1352 579 1397 necae
625 1353 817 1417 quam
866 1332 1202 1397 servitium
1248 1335 1549 1416 expertus
1597 1335 1785 1398 esset.
1826 1341 1838 1356 ·
1875 1332 1987 1396 ubi
2043 1331 2201 1396 haec
2250 1353 2291 1395 a
2335 1332 2585 1396 tribuno
2623 1351 2694 1395 rc·

382 1421 519 1485 lata
582 1423 737 1485 sunt
798 1421 1105 1505 Poppaea
1166 1425 1235 1486 et
1290 1421 1619 1505 Tigellino
1683 1442 1927 1504 coram,
1993 1420 2166 1504 quod
2230 1423 2380 1485 erat
2435 1419 2693 1485 saevienti

383 1508 663 1593 principi
724 1510 1028 1575 intimum
1084 1510 1531 1592 consiliorum,
1589 1511 1955 1595 interrogat
2007 1531 2092 1573 an
2150 1507 2402 1575 Seneca
2455 1511 2694 1574 volunta·

282 1615 351 1665 10
387 1598 550 1662 riam
598 1600 875 1663 mortem
921 1603 1196 1683 pararet.
1268 1601 1408 1663 tum
1457 1599 1759 1663 tribunus
1793 1599 1976 1663 nulla
2021 1599 2283 1682 pavoris
2321 1600 2530 1683 sig'na,
2568 1596 2693 1662 nihil

1878 1068 2075 1146 erret,
2128 1085 2396 1129 causam
2441 1085 2565 1128 non
2611 1064 2699 1127 ha·
2774 1129 2775 1136 ¹

387 1687 575 1751 triste
619 1687 688 1751 in
734 1687 947 1752 verbis
986 1689 1124 1753 eius
1163 1691 1276 1753 aut
1315 1688 1495 1752 vultu
1542 1687 1925 1772 deprensum
1964 1687 2397 1752 confirmavit.
2457 1707 2601 1773 ergo
2628 1706 2694 1750 re·

385 1776 568 1861 gredi
614 1779 679 1841 et
722 1776 1002 1842 indicere
1048 1780 1324 1842 mortem
1369 1777 1645 1841 iubetur.
1718 1776 1919 1841 tradit
1961 1775 2204 1841 Fabius
2251 1776 2559 1842 Rusticus
2596 1797 2692 1839 non

385 1886 462 1929 eo
509 1886 638 1950 quo
684 1869 955 1930 venerat
1000 1866 1228 1931 itinere
1277 1866 1518 1930 redisse
1563 1865 1926 1948 tribunum,
1972 1864 2097 1929 sed
2149 1865 2412 1930 flexisse
2458 1865 2536 1930 ad
2576 1863 2695 1928 Fae·

383 1953 565 2018 nium
610 1953 1034 2038 praefectum,
1080 1959 1149 2020 et
1183 1954 1496 2038 expositis
1535 1952 1835 2019 Caesaris
1880 1954 2077 2019 iussis
2125 1976 2211 2018 an
2258 1955 2695 2040 obtemperaret

280 2060 347 2110 15
385 2043 916 2128 interrogavisse,
997 2044 1443 2128 monitumque
1517 2043 1601 2109 ab
1677 2065 1753 2109 eo
1825 2048 1903 2109 ut
1986 2048 2479 2128 exsequeretur,
2551 2041 2692 2107 fatali

385 2133 673 2197 omnium
720 2131 999 2217 ignavia.
1057 2153 1211 2198 nam
1258 2135 1325 2197 et
1371 2130 1672 2197 Silvanus
1719 2133 1892 2198 inter
1929 2132 2302 2197 coniuratos
2357 2136 2502 2198 erat
2543 2149 2690 2215 auge·

384 2221 624 2305 batque
672 2222 942 2305 scelera,
998 2222 1065 2286 in
1114 2243 1388 2306 quorum
1435 2222 1752 2285 ultionem
1799 2225 2231 2287 consenserat.
2331 2222 2479 2287 voci
2520 2226 2691 2286 tamen

385 2314 454 2375 et
497 2309 789 2394 aspectui
839 2312 1129 2395 pepercit
1180 2310 1664 2396 intromisitque
1711 2310 1792 2376 ad
1840 2308 2148 2377 Senecam
2194 2333 2404 2376 unum
2465 2333 2539 2376 ex
2584 2330 2694 2376 cen-

384 2399 775 2483 turionibus,
823 2401 934 2485 qui
978 2400 1429 2465 necessitatem
1478 2399 1779 2464 ultimam
1826 2399 2254 2465 denuntiaret.

280 2487 366 2554 62
564 2486 684 2551 Ille
720 2489 1056 2553 interritus
1095 2490 1309 2574 poscit
1341 2489 1716 2554 testamenti
1752 2490 2041 2572 tabulas3
2086 2510 2161 2554 ac
2197 2489 2557 2576 denegante
2588 2508 2691 2554 cen·

387 2576 645 2641 turione
701 2598 1046 2643 conversus
1103 2576 1185 2642 ad
1240 2579 1510 2663 amicos,
1576 2577 1833 2663 quando
1898 2577 2151 2642 meritis
2207 2600 2441 2645 eorum
2498 2578 2692 2643 referre

389 2664 668 2750 gratiam
715 2665 1178 2751 prohiberetur,
1225 2668 1398 2752 quod
1434 2689 1634 2732 unum
1681 2667 1813 2731 iam
1853 2670 1917 2731 et
1963 2671 2185 2731 tamen
2231 2668 2689 2753 pulcherrimum

385 2752 651 2838 habeat,
698 2753 1053 2839 imaginem
1099 2756 1273 2822 vitae
1321 2778 1474 2821 suae
1520 2748 1882 2840 relinqueie
1928 2760 2227 2838 testatur,
2272 2758 2462 2822 cuius
2505 2758 2556 2821 si
2594 2774 2691 2819 me·

316 2856 351 2907 5
387 2864 601 2907 mores
649 2847 881 2928 essent,
928 2845 1243 2909 bonarum
1290 2845 1532 2910 artium
1578 2845 1820 2910 famam
1862 2845 2142 2926 fructum
2178 2846 2540 2911 constantis
2574 2841 2689 2907 ami·

388 2930 582 2997 citiae
629 2932 898 2998 laturos.
973 2933 1167 2998 simul
1211 2934 1513 2998 lacrimas
1553 2955 1773 2999 eorum
1810 2934 2005 2999 modo
2044 2955 2358 3019 sermone,
2406 2933 2584 3000 modo
2622 2932 2691 2995 in·

388 3022 629 3086 tentior
665 3022 736 3086 in
773 3023 1034 3087 modum
1072 3023 1446 3106 coercentiS,
1492 3023 1574 3087 ad
1609 3023 2075 3088 firmitudinem
2111 3026 2395 3107 revocat,
2441 3022 2690 3108 rogitans

462 3199 545 3248 15.
592 3210 808 3249 ‘noscere
862 3195 982 3262 „als
1038 3195 1193 3248 wahr
1237 3196 1507 3251 anerken-

387 3281 514 3332 nen,
545 3263 906 3320 einraumen“
936 3265 1040 3320 wie
1069 3272 1119 3334 2,
1141 3270 1209 3320 28
1238 3267 1381 3321 statt
1407 3269 1504 3323 ad-

384 3352 663 3404 ρποεεενε,
691 3336 932 3392 welches
960 3341 1012 3404 2,
1041 3342 1111 3391 30
1143 3337 1309 3391 daffir
1335 3337 1505 3392 steht.

464 3412 545 3461 19.
583 3407 854 3478 PompeJa
891 3408 1129 3463 Paulina
1162 3409 1238 3464 ist
1262 3408 1508 3464 Tochter

389 3477 486 3532 des
523 3478 824 3548 Pompejus
861 3479 1141 3547 Paulinus,
1178 3481 1277 3536 der
1316 3487 1400 3547 13,
1437 3487 1505 3535 53

387 3549 472 3603 als
524 3547 928 3604 Befehlshaber
988 3568 1081 3606 am
1134 3552 1506 3607 Niederrhein

386 3620 501 3674 und
525 3625 608 3687 15,
631 3626 697 3675 18
731 3621 815 3674 als
837 3620 990 3676 einer
1017 3622 1116 3677 der
1141 3620 1264 3678 drei
1284 3623 1506 3678 Steuer-

387 3692 708 3747 direktoren
745 3695 994 3761 genannt
1028 3694 1184 3748 wird.

457 3833 555 3889 61.
614 3839 662 3887 3.
719 3850 976 3889 excusare
1039 3836 1156 3903 „als
1211 3835 1507 3889 Entschul-

387 3903 606 3973 digung
641 3904 952 3959 anffihren“
991 3907 1134 3960 auch
1173 3912 1223 3974 3,
1264 3912 1346 3960 11.
1386 3912 1435 3969 5,
1472 3912 1504 3959 2

386 3974 503 4027 und
548 3974 720 4029 sehon
768 3975 862 4029 bei
907 3975 1246 4032 Klassikern.
1286 4008 1353 4017 —
1399 3977 1509 4030 Mit

388 4043 495 4097 den
539 4044 842 4113 folgenden
889 4047 1120 4101 Worten
1165 4064 1265 4103 cur
1308 4078 1379 4088 —
1420 4049 1506 4101 in-

388 4115 608 4193 ycnium
665 4116 958 4172 bestreitet
1006 4135 1066 4173 er
1120 4118 1209 4172 die
1253 4117 1507 4173 Insinua-

391 4182 529 4251 tion,
568 4184 687 4238 dass
725 4204 784 4242 er
820 4192 1025 4259 gesagt
1059 4190 1230 4245 habe.
1276 4190 1506 4244 salutem

389 4268 550 4308 suam
587 4257 960 4313 incolumitate
996 4261 1217 4317 Pisonis
1251 4261 1440 4316 inniti.

1691 3203 1772 3253 12.
1821 3187 1972 3252 Uber
2017 3198 2123 3252 den
2171 3198 2491 3254 Historiker
2526 3194 2690 3252 Fabius

1613 3267 1876 3323 Rusticus
1912 3286 1953 3323 s.
1992 3287 2063 3323 zu
2101 3275 2185 3337 13,
2223 3275 2306 3324 20.
2766 3268 2769 3279 ⁴

1689 3345 1771 3394 17.
1808 3342 1931 3394 voci
1966 3344 2147 3394 tamea
2183 3342 2343 3408 ott„
2348 3340 2559 3411 ‚jedoch
2597 3351 2689 3391 ver·

1614 3410 1766 3464 mied
1803 3427 1863 3465 er
1901 3427 1985 3478 es,
2031 3411 2130 3483 ibn
2177 3430 2241 3465 zu
2290 3413 2462 3467 sehen
2507 3410 2607 3463 und
2641 3421 2687 3458 zu

1615 3481 1940 3550 sprechen‘fl
2022 3469 2265 3536 Abulich
2323 3489 2407 3549 12,
2464 3487 2529 3536 47
2578 3475 2689 3533 visui

1613 3558 1796 3607 tamen
1813 3554 2090 3608 consuluit
2107 3570 2175 3607 ne
2192 3569 2374 3608 coram
2393 3552 2687 3619 interficeret

1686 3694 2022 3751 62.1.Die
2059 3693 2693 3756 Testamentserrichtung

1617 3765 1756 3819 wird
1793 3767 1877 3819 als
1915 3766 2248 3836 iiberflt‘issig
2282 3765 2603 3828 verhindert
2634 3760 2689 3813 da

1613 3836 1704 3890 die
1733 3836 2120 3892 Konfiskation
2157 3838 2255 3892 des
2284 3836 2609 3905 Vermogens
2637 3846 2687 3883 zu

1615 3909 1890 3962 erwarten
1945 3909 2112 3963 steht.
2182 3939 2244 3949 —
2307 3910 2587 3977 dencyante
2630 3900 2691 3955 ist

1615 3979 1939 4047 aoristisch,
1977 3980 2083 4034 wie
2123 3986 2206 4047 11,
2244 3986 2311 4034 35
2343 3976 2689 4049 praemonente

1613 4049 1894 4106 Narcisso.
1939 4057 2021 4120 12,
2060 4057 2128 4107 69
2164 4057 2405 4106 monente
2428 4046 2685 4119 praefodo

1618 4126 1700 4188 14,
1739 4126 1807 4176 28
1845 4124 2505 4189 accusantibue.16,10.

1687 4164 1734 4247 5.
1799 4194 2045 4259 fructum
2107 4194 2183 4249 ist
2245 4192 2546 4263 Konjektur
2599 4201 2685 4240 von

1614 4265 1779 4319 Halm
1821 4267 1962 4319 statt
1999 4265 2096 4320 des
2133 4262 2512 4320 handschriftl.
2547 4263 2614 4313 tii.
