2867 4625
39 9 298 91 .-
970 102 1190 159 LIBER
1216 103 1312 160 IV.
1379 103 1535 160 CAP.
1568 110 1795 159 19-21.

2439 105 2570 169 213

220 265 672 351 redderentur,
728 289 1004 352 quorum
1058 288 1248 334 nemo
1303 268 1669 352 repetebat,
1726 267 1839 332 sed
1884 267 2244 333 liberalitas
2293 265 2576 353 Augusti

220 356 467 440 avulsa,
514 356 887 441 conputatis
934 356 1323 442 singillatim
1360 377 1526 441 quae
1573 356 1730 422 fisco
1768 357 2177 440 petebantur.
2249 376 2327 420 ea
2335 356 2576 459 ‘prima

219 442 485 510 Tiberio
543 466 704 532 erga
754 445 1099 531 pecuniam
1144 446 1424 510 alienam
1473 445 1817 530 diligentia
1861 445 2004 511 fuit.
2097 443 2285 511 Sosia
2329 444 2401 509 in
2448 445 2577 510 exi-

218 533 381 598 lium
418 533 687 617 pellitur
720 534 936 598 Asinii
964 532 1143 598 Galli
1182 534 1524 617 sententia,
1561 534 1672 617 qui
1709 537 1966 620 partem
2003 535 2324 600 bonorum
2359 534 2574 619 publi·
2612 551 2646 601 5

219 621 514 701 caudam,
549 645 704 708 pars
740 626 816 687 ut
851 622 1076 687 liberis
1112 623 1588 708 relinqueretur
1626 627 1982 689 censuerat.
2056 626 2283 689 contra
2316 622 2404 687 Μ’
2408 676 2422 690 .
2458 623 2576 688 Le·-

216 711 412 796 pidus
475 715 776 796 quartam
835 711 1320 777 accusatoribus
1383 712 1735 777 secundum
1793 712 2334 778 necessitudinem
2392 713 2578 797 legis,

217 803 439 865 cetera
493 799 716 865 liberis
772 800 1109 866 concessit.
1200 801 1372 867 hunc
1431 820 1554 886 ego
1611 799 1931 886 Lepidum
1985 801 2388 886 temporibus
2441 801 2573 865 illis

217 909 494 974 gravem
547 892 614 953 et
667 888 1026 974 sapientem
1083 889 1297 955 virum
1353 889 1554 954 fuisse
1609 889 2002 973 comperior,
2055 910 2209 954 nam
2265 889 2575 974 pleraque

219 978 308 1042 ab
356 976 568 1043 saevis
616 976 1096 1042 adulationibus
1143 978 1420 1044 aliorum
1467 978 1536 1042 in
1582 977 1813 1043 melius
1857 977 2055 1056 flexit,
2099 998 2307 1061 neque
2351 980 2575 1041 tamen
2614 996 2683 1045 10

215 1065 717 1150 temperamenti
762 1067 1014 1151 egebat,
1061 1088 1207 1132 cum
1253 1066 1584 1150 aequabili
1622 1065 2006 1131 auctoritate
2044 1069 2112 1129 et
2148 1064 2366 1149 gratia
2402 1065 2575 1149 apud

217 1153 559 1218 Tiberium
595 1154 897 1238 viguerit,
940 1153 1112 1220 unde
1151 1154 1448 1219 dubitare
1486 1174 1704 1239 cogor,
1747 1152 1886 1218 fato
1924 1156 1993 1217 et
2030 1155 2207 1218 sorte
2244 1153 2575 1239 nascendi,

216 1245 300 1307 ut
355 1245 601 1327 cetera,
657 1243 752 1307 ita
805 1244 1170 1326 principum
1225 1242 1566 1307 inclinatio
1620 1241 1689 1306 in
1743 1241 1894 1322 hos,
1955 1241 2227 1307 offensio
2281 1242 2353 1306 in
2406 1240 2576 1326 illos,

219 1353 311 1396 an
357 1330 445 1394 sit
482 1330 727 1416 aliquid
763 1330 834 1395 in
872 1330 1116 1396 nostris
1155 1329 1445 1396 consiliis
1482 1330 1803 1415 liceatque
1839 1330 2008 1395 inter
2047 1331 2393 1413 abruptam
2431 1351 2575 1395 con-

218 1418 582 1483 tumaciam
640 1420 707 1483 et
766 1418 1052 1484 deforme
1113 1418 1496 1503 obsequium
1558 1438 1829 1502 pergere
1892 1419 2018 1483 iter
2082 1419 2435 1484 ambitione
2500 1440 2575 1484 ac
2613 1438 2680 1488 15

999 1511 1066 1572 at
1127 1506 1521 1571 Messalinus
1588 1505 1787 1573 Cotta
1858 1506 2033 1572 haud
2104 1506 2320 1572 minus
2385 1507 2576 1573 claris

214 1506 532 1593 periculis
595 1527 887 1573 vacuum.

218 1595 603 1679 maioribus,
648 1595 758 1659 sed
797 1596 1015 1660 animo
1062 1595 1373 1680 diversus,
1418 1595 1672 1660 censuit
1715 1596 2069 1661 cavendum
2117 1598 2383 1662 senatus
2430 1617 2578 1661 con-

218 1684 426 1765 sulto,
485 1685 561 1747 ut
620 1705 1012 1768 quamquam
1072 1685 1364 1749 insontes
1426 1683 1855 1768 magistratus
1916 1686 1982 1748 et
2040 1684 2268 1769 culpae
2328 1685 2576 1750 alienae

216 1771 429 1836 nescii
489 1772 993 1855 provincialibus
1057 1794 1331 1838 uxorum
1404 1773 1786 1838 criminibus
1850 1772 2114 1857 perinde
2178 1795 2374 1857 quam
2437 1773 2573 1837 suis

216 1862 672 1944 plecterentur.

213 2037 279 2102 is
322 2058 638 2139 namque,
691 2040 767 2102 ut
819 2037 1041 2120 retuli,
1093 2058 1430 2103 cessurum
1487 2059 1555 2102 se
1611 2040 1770 2103 urbe
1817 2039 1902 2104 ob
1952 2038 2268 2103 factiones
2316 2058 2576 2102 accusa-

212 2130 443 2190 torum
507 2126 578 2189 in
641 2129 871 2191 senatu
943 2126 1392 2191 clamitaverat
1454 2129 1522 2189 et
1584 2132 1808 2228 spreta
1878 2125 2176 2211 potentia
2239 2128 2575 2209 Augustae

213 2211 543 2317 trahere
523 2235 593 2277 ιιι
630 2214 729 2278 ius
760 2212 1191 2299 Urgulaniam
1228 2214 1549 2297 domoque
1585 2215 1897 2299 principis
1936 2213 2145 2278 excire
2183 2234 2378 2278 ausus
2416 2216 2574 2295 erat,

215 2324 390 2389 quae
435 2302 507 2367 in
552 2319 859 2387 praesens
897 2303 1194 2368 Tiberius
1232 2302 1510 2368 civiliter
1546 2302 1803 2388 habuit,
1850 2303 1962 2369 sed
2007 2302 2076 2368 in
2113 2302 2329 2367 animo
2365 2302 2572 2368 revol·
2612 2322 2645 2370 5

217 2394 418 2456 vente
477 2392 639 2475 iras,
699 2391 898 2456 etiam
954 2392 1012 2456 si
1065 2393 1345 2476 impetus
1401 2392 1776 2457 offensionis
1832 2393 2206 2475 languerat,
2263 2390 2576 2454 memoria

217 2478 510 2545 valebat.

599 2478 906 2545 Pisonem
953 2479 1028 2556 Q.
1077 2477 1353 2544 Granius
1417 2481 1650 2545 secreti
1708 2480 2028 2545 sermonis
2087 2479 2406 2544 incusavit
2465 2477 2574 2542 ad-

215 2589 484 2633 versum
537 2569 945 2634 maiestatem
999 2567 1236 2652 habiti,
1292 2567 1652 2652 adiecitque
1706 2569 1776 2632 in
1830 2568 2023 2634 domo
2069 2566 2205 2631 eius
2252 2588 2574 2632 venenum

217 2708 252 2755 ἦ
295 2713 347 2762 3.
407 2708 629 2775 avulsa,
681 2708 805 2762 eine
854 2724 999 2762 neue
1046 2707 1164 2761 und
1214 2709 1348 2762 sehr

218 2778 418 2832 starke
467 2776 790 2847 Metapher3
844 2778 990 2834 doch
1035 2768 1345 2834 Rhnliches

219 2849 403 2905 sehon
437 2848 533 2904 bei
570 2847 783 2904 Cicero.

288 2943 341 2992 4.
391 2953 525 3006 crya
561 2938 877 3005 pecuniam.
913 2936 1042 3006 Vgl.
1073 2942 1124 3005 3,
1156 2941 1222 2991 18
1256 2953 1345 2992 sa-

215 3009 292 3063 tis
337 3009 536 3076 firmus
572 3006 871 3077 (Tiberius)
920 3009 1210 3063 adversum
1245 3023 1345 3076 pe-

214 3080 463 3134 cuniam.
537 3077 699 3132 Auch
735 3077 844 3131 Dio
889 3077 1081 3131 rfihmt
1118 3077 1236 3133 dies
1274 3093 1348 3132 an

218 3148 361 3204 ihm.
428 3178 499 3188 —
563 3149 628 3203 In
691 3149 981 3218 diliymtia
1046 3148 1191 3218 liegt
1253 3146 1346 3202 ein

216 3218 692 3290 eigentflmlicher
729 3217 1085 3274 Sarkasmus.

289 3313 344 3364 5.
396 3295 554 3361 Uber
603 3307 801 3362 Gallus
843 3325 885 3362 s.
930 3325 999 3361 zu
1048 3311 1229 3376 1,12.
1278 3337 1345 3347 -

212 3384 437 3448 partem
479 3378 907 3448 publicandam,
949 3393 1094 3446 pars
1140 3383 1206 3432 ut
1254 3382 1345 3432 ctt.

216 3450 326 3504 mit
362 3447 691 3504 demselben
717 3446 1344 3504 Konstruktionswech-

217 3520 302 3575 sel
333 3521 444 3574 wie
475 3525 624 3587 3,17
650 3519 765 3573 und
796 3519 959 3586 efter,
991 3518 1201 3588 jedoch
1230 3521 1348 3574 erst

215 3591 276 3645 in
305 3591 417 3645 den
445 3588 718 3645 Annalen.
760 3589 815 3644 S.
844 3588 991 3644 Εἰιι1.
1022 3595 1068 3656 5.
1100 3596 1222 3658 119,
1257 3594 1341 3645 11.

289 3683 341 3732 7.
387 3682 594 3747 quarta
638 3678 723 3732 als
761 3676 1090 3732 Substantiv
1135 3677 1215 3732 ist
1251 3677 1343 3747 ju·

215 3748 514 3804 ristischer
540 3748 850 3817 Ausdruck‚
878 3750 1024 3804 auch
1052 3746 1150 3803 bei
1173 3748 1343 3814 Quin-

215 3818 404 3876 tilian.
482 3819 597 3873 Der
644 3818 826 3874 vierte
875 3819 1001 3874 Teil
1057 3819 1157 3874 des
1208 3819 1344 3873 Ver-

215 3894 457 3958 mbgens
496 3890 666 3944 stand
703 3890 833 3945 dem
1013 3906 1074 3944 er
1100 3907 1169 3944 ιιι
1195 3891 1342 3944 nach

216 3961 319 4015 der
356 3962 445 4016 lex
483 3961 647 4016 Iulia
682 3962 750 4017 de
783 3964 1089 4025 maiestate,
1130 3959 1345 4016 welche

216 4030 579 4087 Hochverrat
604 4031 713 4086 mit
730 4032 859 4088 dem
877 4031 1034 4087 Tode
1054 4031 1343 4088 bedrohte.

291 4125 343 4175 9.
390 4121 693 4191 comperior
737 4120 817 4176 ist
850 4120 943 4175 fur
977 4121 1209 4175 Tacitus
1246 4117 1344 4175 απ.

216 4187 343 4316 ῃίἑιᾱ,
373 4190 779 4321 ἕιιῖἰιιξεέοᾶοοὶι
817 4192 990 4247 schon
1017 4192 1110 4247 bei
1137 4190 1346 4246 Terenz

1529 2712 1614 2760 10.
1651 2723 1822 2775 neque
1856 2712 2040 2762 tamen
2075 2735 2144 2746 —-
2182 2706 2386 2775 eyebat,
2422 2706 2476 2760 d.
2513 2706 2570 2761 h.

1456 2794 1517 2833 er
1541 2776 1814 2832 brauchte
1843 2777 1961 2832 sich
1986 2777 2147 2833 nicht
2172 2795 2241 2830 ιιι
2275 2775 2514 2832 massis

1530 2852 1611 2902 14.
1679 2865 1758 2903 an
1799 2849 1890 2902 sit.
1953 2834 2105 2903 Uber
2150 2847 2241 2903 die
2279 2846 2453 2903 Verso
2514 2864 2572 2912 07

1453 2920 1611 2989 bung
1645 2919 1745 2974 des
1779 2918 2055 2974 Verbums
2091 2917 2154 2973 in
2190 2919 2301 2974 den
2335 2919 2574 2975 zweiten

1457 2991 1587 3044 Satz
1615 3007 1658 3045 s.
1689 3007 1758 3043 zu
1784 2995 1837 3059 3,
1866 2995 1951 3046 56.
1990 3021 2058 3031 -
2095 2991 2408 3059 abruptum,
2413 2994 2575 3057 ‚-st6r

1452 3061 1656 3115 risch‘fl
1709 3092 1777 3101 —
1834 3060 1920 3115 Im
1971 3060 2300 3130 Folgenden
2361 3059 2576 3142 spricht

1455 3129 1580 3184 sich
1623 3129 1859 3186 Tacitus
1903 3149 2052 3187 zwar
2094 3131 2256 3186 nicht
2299 3130 2574 3185 entschie-

1456 3201 1564 3255 den
1603 3218 1732 3270 aus,
1779 3203 1852 3257 ob
1888 3203 1988 3258 der
2022 3203 2257 3257 Mensch
2292 3202 2440 3257 nach
2474 3201 2575 3256 der

1454 3273 1695 3341 Ffigung
1718 3244 1820 3328 ’des
1836 3274 2068 3330 Fatums
2087 3274 2223 3329 oder
2240 3271 2349 3329 mit
2373 3270 2576 3327 freiem

1454 3342 1667 3397 Willen
1711 3343 1934 3401 handle.
2007 3344 2158 3399 Aber
2208 3345 2365 3398 sonst
2410 3342 2576 3411 neigt

1456 3430 1518 3467 er
1587 3432 1712 3467 zum
1785 3414 2124 3470 Fatalismus
2195 3413 2312 3467 und
2380 3412 2572 3467 liefert

1456 3483 1761 3539 wiederum
1789 3485 1964 3540 durch
1991 3486 2112 3540 sein
2139 3484 2365 3555 sigenes
2382 3484 2575 3538 Leben

1456 3555 1566 3609 den
1609 3553 1855 3624 Beweis,
1902 3556 2026 3610 dass
2073 3571 2205 3609 man
2239 3555 2319 3609 im
2357 3555 2573 3610 Staats-

1450 3626 1618 3680 leben
1655 3626 1778 3680 eine
1816 3626 1985 3681 weise
2012 3625 2403 3681 Mittelstrasse
2441 3624 2575 3679 zwi-

1453 3696 1625 3751 schen
1689 3696 2023 3766 Opposition
2087 3697 2204 3751 und
2276 3695 2569 3752 Sex-vilitat

1453 3767 1677 3822 wahlen
1710 3767 1916 3822 kenne.

1526 3843 1611 3893 16.
1650 3826 1800 3893 Uber
1839 3838 1997 3896 Cotta
2030 3857 2072 3895 s.
2102 3855 2172 3892 ιιι
2207 3845 2260 3909 2,
2288 3843 2375 3893 32.

1523 3907 1619 3964 21.
1676 3915 1726 3963 2.
1781 3927 2028 3979 namque.
2083 3882 2260 3965 ποκ’
2280 3909 2374 3963 die
2421 3907 2572 3963 Stel-

1453 3979 1686 4048 Iungs.
1734 3979 1971 4047 EinL5.
2020 3987 2107 4036 69.
2153 3979 2567 4047 —utretuli,

1454 4050 1701 4105 namlich
1740 4057 1791 4119 2,
1830 4057 1917 4107 34.

1528 4126 1576 4174 5.
1614 4123 1850 4177 civiliter
1875 4122 2085 4177 habuit.
2108 4121 2241 4205 Vgl.
2264 4127 2317 4190 3,
2338 4121 2573 4190 76φιοᾶ

1453 4192 1690 4320 avg‘liter
1726 4197 2016 4262 acceptum.
2055 4191 2177 4249 Liv.
2201 4198 2250 4261 7,
2271 4197 2321 4260 5,
2344 4197 2375 4246 7
2413 4207 2573 4263 aegre

1562 4264 1648 4316 uit

404 1949 641 2013 Actum
687 1948 920 2014 dehinc
965 1948 1042 2013 de
1090 1946 1442 2032 Calpurnio
1488 1948 1754 2033 Pisone,
1798 1949 2006 2016 nobili
2052 1971 2127 2014 ac
2170 1949 2371 2015 feroci
2417 1949 2574 2014 viro.
2593 1879 2684 2018 221)
