2867 4625
270 108 359 174 54
947 106 1291 165 CORNELII
1328 107 1578 164 TACI'I'I
1613 107 2012 165 ANNALIUM
2043 175 2048 190 ι

268 294 353 337 ne
389 273 563 338 ultra
599 272 720 336 sub
757 271 1012 337 vexillis
1047 275 1443 356 tenerentur,
1492 271 1607 337 sed
1641 272 1847 337 isdem
1882 272 1954 336 in
1991 271 2223 337 castris
2259 272 2624 356 praemium

164 377 234 427 2ο
269 362 544 447 pecunia
594 361 970 427 solveretur.
1060 383 1147 425 an
1191 362 1556 446 praetorias
1603 361 1931 445 cohorteS,
1988 383 2151 447 quae
2199 361 2384 426 binos
2431 362 2623 426 dena-

268 451 405 516 rios
452 450 840 534 acceperint,
895 472 1057 536 quae
1112 454 1267 536 post
1293 451 1601 527 ‚sedecim
1648 472 1854 515 annos
1900 450 2252 536 penatibus
2297 451 2434 515 suis
2479 450 2623 514 red-

271 539 523 624 dantur,
567 541 715 624 plus
760 538 1192 624 periculorum
1239 539 1610 624 suscipere?
1656 561 1792 605 non
1829 539 2182 604 obtrectari
2228 560 2269 603 a
2314 560 2383 604 se
2427 540 2623 604 urba-

269 651 391 695 nas
436 628 768 713 excubiae,
815 628 942 693 sibi
986 632 1210 694 tamen
1258 628 1429 714 apud
1476 628 1772 695 horridas
1819 632 2049 713 gentes
2097 650 2133 694 e
2180 627 2621 694 contuberniis

268 718 528 783 hostem
575 718 796 802 aspici.

164 804 246 873 18
443 805 885 891 Adstrepebat
942 806 1210 890 vulgus,
1273 806 1545 872 diversis
1612 805 2057 872 incitamentis
2071 857 2090 891 ,
2154 805 2223 871 hi
2278 807 2621 872 verberum

264 899 474 975 notas,
519 896 620 961 illi
665 895 998 974 canitiem,
1041 894 1305 979 plurimi
1350 895 1593 960 detrita
1635 896 1930 981 tegmina
1977 899 2044 960 et
2087 895 2332 961 nudum
2380 917 2619 980 corpus

263 985 750 1070 exprobrantes.
838 987 1172 1069 postremo
1233 1005 1309 1049 eo
1365 984 1607 1050 furoris
1666 1005 1920 1067 venere,
1982 988 2057 1049 ut
2110 988 2249 1049 tres
2316 984 2618 1071 legiones

262 1074 530 1138 miscere
575 1074 645 1139 in
688 1094 887 1138 unam
941 1073 1348 1160 agitaverint.
1441 1073 1693 1157 depulsi
1740 1073 2200 1157 aemulatione,
2261 1074 2412 1158 quia
2459 1096 2620 1139 suae

192 1177 225 1227 5
263 1162 534 1248 quisque
580 1162 824 1248 legioni
871 1184 1017 1227 eum
1062 1161 1378 1228 honorem
1426 1162 1850 1247 quaerebant,
1908 1162 2039 1226 alio
2094 1165 2359 1228 vertunt
2418 1166 2619 1247 atque

188 1293 189 1298 κ
263 1274 393 1316 una
436 1258 572 1316 tres
619 1252 867 1336 aquilas
915 1259 982 1316 et
1028 1251 1215 1337 signa
1268 1250 1636 1316 cohortium
1694 1252 1948 1336 locant3
2008 1251 2197 1316 simul
2252 1256 2619 1338 congerunt

263 1342 599 1425 caespiteS,
644 1344 986 1405 exstruunt
1027 1340 1335 1419 tribunal,
1381 1362 1510 1425 quo
1555 1341 1767 1426 magis
1814 1340 2164 1425 conspicua
2199 1340 2383 1407 sedes
2417 1340 2611 1409 foret.

259 1429 763 1515 properantibus
808 1428 1080 1494 Blaesus
1128 1429 1393 1494 advenit
1436 1429 1942 1516 increpabatque
1987 1450 2063 1494 ac
2109 1429 2439 1495 retinebat
2483 1431 2613 1496 sin-

262 1519 478 1601 gulos,
541 1518 885 1583 clamitans
945 1518 1121 1583 ‘mea
1177 1518 1399 1603 potius
1460 1518 1653 1584 caede
1710 1519 1985 1583 imbuite
2043 1540 2301 1584 manus:
2370 1520 2611 1585 leviore

157 1621 226 1670 10
261 1607 515 1692 flagitio
569 1608 857 1693 legatum
910 1607 1313 1672 interficietis
1373 1629 1570 1692 quam
1627 1607 1714 1671 ab
1774 1608 2165 1693 imperatore
2226 1607 2609 1674 desciscitis

262 1700 378 1761 aut
422 1696 766 1761 incolumis
812 1696 1005 1762 fidem
1051 1697 1383 1782 legionum
1419 1697 1714 1761 retinebo
1753 1701 1867 1761 aut
1901 1697 2233 1782 iugulatus
2270 1698 2611 1782 paeniten-

260 1784 451 1849 tiam.
473 1784 894 1850 adcelerabo.'

158 1871 239 1937 19
438 1873 896 1959 Aggerabatur
945 1873 1155 1940 nihilo
1211 1874 1423 1938 minus
1481 1895 1746 1959 caespes
1801 1874 2058 1959 iamque
2103 1875 2355 1960 pectori
2399 1897 2606 1960 usque

258 1962 659 2042 adcreverat,
723 1984 869 2028 cum
939 1963 1205 2028 tandem
1267 1962 1634 2048 pervicacia
1694 1964 1852 2030 victi
1912 1964 2243 2049 inceptum
2306 1965 2604 2029 omisere.

256 2050 530 2117 Blaesus
575 2053 781 2117 multa
824 2052 1076 2117 dicendi
1121 2055 1260 2115 arte
1295 2072 1431 2117 non
1465 2072 1582 2136 per
1625 2052 2010 2117 seditionem
2057 2057 2125 2118 et
2165 2053 2391 2118 turbas
2439 2053 2608 2118 desi·

259 2140 437 2206 deria
490 2142 768 2206 militum
823 2141 905 2206 ad
951 2139 1295 2207 Caesarem
1352 2140 1617 2205 ferenda
1663 2141 1759 2205 ait
1798 2163 2008 2226 neque
2052 2144 2302 2207 veteres
2352 2143 2434 2206 ab
2481 2144 2601 2206 im·

187 2244 221 2294 5
257 2229 667 2316 peratoribus
739 2229 970 2316 priscis
1032 2251 1239 2317 neque
1298 2229 1484 2316 ipsos
1550 2251 1589 2294 a
1653 2227 1801 2295 divo
1866 2230 2168 2317 Augusto
2230 2234 2368 2295 tam
2432 2253 2609 2297 nova

256 2320 596 2404 petivisse3
669 2323 735 2385 et
795 2342 1027 2404 parum
1090 2321 1160 2385 in
1222 2324 1516 2403 tempore
1586 2319 1972 2405 incipientes
2036 2320 2348 2405 principis
2414 2343 2606 2387 curas

257 2410 531 2475 onerari.
610 2409 667 2474 si
701 2413 925 2474 tamen
957 2408 1294 2474 tenderent
1329 2410 1400 2473 in
1436 2430 1597 2492 pace
1631 2413 1957 2494 temptare
1994 2431 2162 2494 quae
2195 2430 2278 2474 ne
2314 2410 2607 2475 civilium

256 2498 878 2673 affimat?
906 2498 2057 2672 &streptis&335033312351
2067 2502 2607 2653 ἔθ”ἕξῗθέἓὲἶέἓῗ

154 2689 219 2740 10
256 2673 513 2760 legatos
568 2698 763 2761 seque
819 2699 1037 2742 coram
1091 2677 1396 2743 mandata
1452 2674 1701 2742 darent.
1792 2676 2236 2742 adclamavere
2292 2681 2366 2742 ut
2425 2677 2604 2742 filius

259 2866 478 2935 euitque
531 2867 822 2922 denarium
875 2869 1103 2924 sedecim
1157 2869 1374 2925 assibus
1556 2873 1605 2923 8.
1658 2866 1742 2923 Ob
1782 2868 2215 2938 properantibus
2250 2868 2421 2923 Dativ
2468 2869 2606 2926 oder

251 2940 581 3006 permutari.
638 2937 743 2992 Die
773 2938 1040 3022 Truppen
1067 2940 1374 3010 verlangen
1485 2938 1716 2993 Ablativ
1738 2939 1838 3007 sei,
1860 2938 1939 2993 ist
1962 2938 2602 2997 nichtzuentscheiden.

260 3007 383 3062 also
458 3008 581 3063 eine
763 3008 912 3064 liche
987 3010 1194 3079 Zulage
1263 3027 1375 3065 von
1555 3009 1652 3065 19.
1694 3015 1743 3065 1.
1772 3012 1987 3080 pectori
2014 3035 2083 3058 ε-
2112 3012 2187 3066 ad
2221 3015 2437 3081 pectus.

260 3079 411 3134 etwa
458 3083 527 3132 25
565 3077 648 3134 Pf.
775 3079 829 3135 ie
876 3080 1231 3136 Pratorianer
1280 3083 1376 3135 da·
1555 3086 1607 3135 2.
1636 3082 1942 3137 adcrescere
1967 3080 2029 3136 in
2058 3080 2270 3137 diesem
2299 3082 2470 3137 Sinus
2494 3082 2607 3139 mit

261 3165 446 3220 gegen
491 3151 736 3220 bezogen
781 3155 813 3204 2
852 3151 1070 3207 Denare
1117 3154 1207 3221 (ε-
1240 3158 1263 3206 1
1299 3152 1373 3207 Μ.
1485 3152 1613 3207 dem
1652 3152 1824 3207 Dativ
1871 3153 1971 3207 des
2007 3152 2190 3207 Zieles
2236 3153 2314 3208 ist
2359 3149 2457 3210 ἅπ.
2500 3154 2602 3221 sle.

259 3224 330 3275 40
367 3219 475 3291 Pf.)
525 3222 639 3276 und
685 3221 912 3278 dienten
958 3242 1062 3277 nur
1102 3228 1166 3279 16
1207 3223 1375 3280 Jahre
1484 3224 1551 3277 In
1588 3224 1689 3278 der
1724 3221 2059 3295 Bedeutung
2100 3224 2605 3292 „hinzukommen“

260 3291 404 3346 statt
438 3296 525 3346 20.
1483 3294 1672 3351 haben
1719 3311 1779 3349 es
1825 3296 2001 3350 sehon
2036 3296 2284 3350 Frflhere
2332 3297 2436 3350 mit
2471 3297 2604 3355 dem

332 3366 420 3416 21.
458 3365 787 3434 acceperim,
827 3363 879 3418 d.
917 3364 973 3419 h.
1013 3381 1143 3419 man
1179 3366 1281 3420 hat
1317 3383 1374 3421 es
1485 3364 1674 3421 Dativ.

259 3433 431 3488 ihnen
482 3433 674 3489 frflher
727 3435 1059 3505 zugebilligt
1111 3437 1229 3490 und
1286 3437 1373 3492 bis
1555 3444 1603 3491 3.
1651 3438 1828 3491 multa
1865 3467 1933 3477 —
1971 3442 2089 3493 arte
2137 3437 2214 3492 ist
2261 3437 2424 3493 nicht
2471 3438 2600 3494 Abl.

251 3502 402 3574 Jetzt
436 3504 711 3573 gelassen.
1481 3505 1769 3574 instrum,
1829 3508 2072 3563 sondern
2119 3508 2437 3577 qualitatis,
2496 3510 2603 3565 mit

333 3580 417 3630 22.
468 3578 762 3632 obtrectare
812 3577 1031 3633 kommt
1067 3578 1243 3634 sehon
1278 3579 1374 3635 bei
1484 3579 1663 3633 Brach
1705 3578 1854 3648 logie
1891 3580 1947 3649 („
1951 3580 2042 3634 ein
2069 3578 2243 3633 Mann
2276 3595 2392 3635 von
2418 3581 2541 3635 ctt.‘
2545 3584 2600 3652 ‘).

259 3644 455 3701 Livius
527 3645 634 3702 mit
707 3648 834 3703 dem
898 3648 1201 3705 Accusativ
1273 3651 1373 3707 der
1483 3648 1534 3704 S
1565 3649 1711 3704 Ein.
1741 3655 1787 3715 §-
1817 3654 1903 3704 38.

260 3714 442 3772 Sache
479 3733 595 3773 vor.
1553 3726 1606 3775 7.
1642 3722 1934 3777 tenderent.
1997 3708 2147 3777 Uber
2185 3722 2293 3777 den
2329 3722 2603 3791 Tempus-

330 3785 434 3844 18.
485 3795 532 3843 1.
572 3789 877 3872 adstrepere
912 3793 1027 3846 erst
1059 3792 1139 3847 im
1177 3792 1373 3848 silber·
1481 3791 1726 3847 wechsel
1798 3790 1878 3847 im
1951 3791 2278 3864 Folgenden
2351 3811 2392 3850 s.
2453 3793 2602 3850 Einl.

259 3873 374 3914 nen
408 3857 634 3927 Latein,
677 3861 736 3915 in
773 3861 986 3917 diesem
1024 3862 1192 3918 Sinne
1228 3864 1375 3920 efter
1482 3868 1526 3928 §-
1561 3867 1642 3930 15,
1672 3879 1719 3918 c.

258 3928 356 3985 bei
392 3930 638 3987 Tacitus.
678 3963 742 3974 --
785 3931 864 3986 Zu
900 3934 959 3988 hi
986 3965 1054 3974 --
1082 3935 1201 4002 illi,
1241 3936 1372 4004 plu·
1554 3939 1603 3990 8.
1644 3935 1904 3989 bellorum
1939 3935 2183 3990 victores.
2229 3934 2343 3991 Cic.
2371 3954 2426 4005 p.
2454 3935 2599 3990 Mur.

258 4002 393 4056 rimi
425 4001 1556 4073 vgl.Ein1.s.72.14
1592 4007 1753 4060 cuius
1787 4006 1914 4061 belli
1946 4007 2136 4061 victor.
2194 4005 2339 4062 Vell.
2370 4013 2420 4076 2,
2449 4013 2538 4070 56,
2566 4014 2599 4061 2

331 4078 381 4128 8.
403 4075 689 4159 ecstor-oris
705 4081 985 4132 verterent.
1009 4076 1062 4133 8.
1074 4075 1218 4131 Einl.
1229 4081 1276 4143 §.
1287 4081 1373 4132 41.
1482 4076 1935 4143 victor-Africani
1953 4078 2094 4132 belli.
2135 4077 2250 4135 Cic.
2269 4078 2402 4133 fam.
2423 4084 2473 4146 9,
2494 4085 2545 4147 6,
2566 4086 2600 4133 3

331 4149 382 4199 6.
408 4146 572 4216 atym
577 4144 757 4202 .Jede
781 4147 1026 4202 Kohorte
1045 4147 1210 4202 hatte
1227 4150 1375 4203 nach
1483 4149 1664 4203 civilis
1699 4149 1828 4203 belli
1860 4150 2114 4204 victoria.
2150 4179 2218 4190 -
2256 4151 2603 4219 expostulare

260 4212 364 4269 der
382 4162 572 4342 hZahl
586 4217 686 4273 der
722 4216 1012 4287 Manipeln
1059 4218 1180 4273 drei
1216 4216 1376 4273 Feld·
1482 4219 1673 4343 {tatto-
1670 4220 1955 4288 postulare
2004 4217 2211 4288 selten,
2263 4220 2409 4276 doch
2451 4222 2601 4277 auch

260 4284 379 4342 zeic
422 4302 489 4379 en
1525 4304 1577 4343 ei
1658 4306 1823 4346 icero.

512 4425 519 4432 .

376 4494 381 4503 .
