2867 4625
194 1037 283 1105 54

192 2100 282 2168 55

296 69 431 137 236

954 67 1301 125 CORNELII
1337 67 1584 125 TACITI
1616 67 2012 124 ANNALIUM

300 233 486 297 daret
527 232 864 317 maritum3
911 232 1196 297 habilem
1243 231 1455 297 adhuc
1490 231 1826 296 iuventam
1864 231 2011 314 sibi,
2055 251 2263 316 neque
2301 229 2481 296 aliud
2518 252 2673 315 pro-

228 344 261 395 5
300 323 401 388 bis
440 343 634 407 quam
674 343 751 386 ex
789 321 1204 386 matrimonio
1244 321 1572 386 solacium.
1638 342 1780 385 esse
1816 320 1887 384 in
1924 320 2205 404 civitate,
2232 321 2342 402 qui
2367 340 2671 386 memores

303 409 677 476 Germanici
714 411 1055 496 coniugem
1103 432 1178 475 ac
1223 410 1470 475 liberos
1519 409 1657 475 eius
1702 410 1988 495 recipere
2025 409 2469 494 dignarentur.
2556 408 2673 474 sed

302 496 544 564 Caesar
588 520 721 564 non
764 499 1055 586 ignarus,
1093 502 1408 585 quantum
1457 519 1535 563 ex
1573 519 1642 563 se
1679 501 2030 584 peteretur,
2075 519 2157 565 ne
2203 503 2427 564 tamen
2466 499 2673 563 offen-

302 588 501 653 sionis
562 592 677 653 aut
737 592 951 653 metus
1012 587 1400 653 manifestus
1446 586 1646 672 foret,
1711 587 1850 652 sine
1903 609 2217 671 responso
2264 608 2672 672 quamquam

301 677 657 742 instantem
703 677 987 761 reliquit.

1091 678 1158 742 id
1204 697 1347 763 eg0,
1393 699 1433 742 a
1489 676 1919 760 scriptoribus
1965 676 2299 741 annalium
2357 697 2489 741 non
2536 680 2676 742 tra-

196 789 262 838 10
302 766 530 849 ditum,
566 766 833 868 repperi
868 766 939 831 in
976 765 1459 832 commentariis
1497 766 1903 850 Agrippinae
1937 764 2131 851 filiae,
2169 787 2334 851 quae
2378 764 2674 831 Neronis

300 855 617 941 principis
680 859 891 921 mater
953 855 1160 920 vitam
1220 877 1408 920 suam
1475 856 1542 920 et
1602 876 1790 920 casus
1858 876 2125 920 suorum
2186 853 2471 939 posteris
2532 876 2675 920 me-

300 944 602 1009 moravit.

483 1030 790 1097 Ceterum
827 1029 1100 1098 Seianus
1147 1035 1547 1097 maerentem
1585 1035 1652 1097 et
1687 1032 2098 1116 inprovidam
2138 1032 2334 1098 altius
2369 1033 2675 1118 perculit,

302 1121 618 1186 immissis
666 1122 778 1205 qui
823 1143 939 1207 per
977 1122 1258 1206 speciem
1296 1121 1623 1187 amicitiae
1652 1124 2004 1186 monerent
2038 1125 2341 1204 paratum
2379 1122 2440 1186 ei
2476 1144 2674 1188 vene·

302 1233 490 1294 num,
536 1210 834 1277 vitandas
884 1210 1091 1276 soceri
1137 1211 1383 1294 epulas.

1489 1216 1686 1293 atque
1731 1209 1848 1274 illa
1894 1209 2385 1275 simulationum
2428 1212 2676 1295 nescia,

304 1322 451 1365 cum
496 1302 768 1383 propter
812 1299 1267 1382 discumberet,
1311 1320 1442 1364 non
1488 1299 1677 1364 vultu
1715 1303 1828 1364 aut
1876 1320 2172 1364 sermone
2209 1299 2403 1402 flecti,
2447 1300 2673 1366 nullos

230 1409 263 1460 5
297 1389 630 1474 attingere
677 1389 886 1473 cibos,
941 1388 1146 1454 donec
1203 1350 1485 1453 advertit
1531 1387 1862 1472 Tiberius,
1917 1388 2088 1454 forte
2147 1410 2234 1452 an
2290 1390 2446 1472 quia
2489 1389 2673 1454 audi-

301 1481 513 1560 verat3
570 1477 764 1563 idque
822 1499 949 1563 quo
997 1477 1211 1543 acrius
1258 1477 1686 1562 experiretur,
1730 1499 1956 1561 poma,
1998 1481 2075 1541 ut
2122 1481 2306 1542 erant
2351 1477 2675 1562 adposita,

302 1565 581 1667 laudans
627 1565 823 1630 nurui
869 1588 988 1630 sua
1024 1588 1222 1632 manu
1268 1565 1560 1632 tradidit.
1643 1570 1836 1631 aucta
1871 1587 1950 1630 ex
1987 1587 2064 1630 eo
2101 1565 2387 1649 suspicio
2424 1565 2676 1652 Agrip-

301 1653 521 1737 pinae,
580 1658 648 1719 et
708 1655 959 1720 intacta
1004 1676 1116 1719 ore
1163 1655 1366 1720 servis
1412 1654 1718 1721 tramisit.
1813 1676 1934 1720 nec
1979 1658 2201 1719 tamen
2246 1654 2497 1721 Tiberii
2547 1679 2676 1722 vox

303 1763 523 1807 coram
571 1746 810 1828 secuta,
848 1744 956 1808 sed
996 1744 1311 1810 obversus
1349 1744 1432 1808 ad
1470 1746 1743 1809 matrem
1786 1765 1921 1809 non
1967 1742 2207 1808 mirum
2243 1744 2356 1828 ait,
2405 1744 2467 1809 si
2514 1746 2674 1829 quid

197 1852 266 1902 10
305 1832 591 1897 severius
636 1831 707 1896 in
752 1853 896 1897 eam
944 1832 1302 1917 statuisset,
1349 1856 1388 1898 a
1435 1854 1566 1916 qua
1600 1832 1894 1897 veneficii
1929 1832 2435 1900 insimularetur.
2518 1833 2671 1898 inde

302 1942 524 1985 rumor
568 1921 789 2004 parari
844 1921 1142 2004 exitium,
1196 1943 1407 2005 neque
1467 1920 1537 1986 id
1594 1922 2057 2005 imperatorem
2118 1923 2342 2006 palam
2409 1922 2671 2004 audere,

303 2013 623 2074 secretum
669 2009 752 2074 ad
797 2009 1302 2095 perpetrandum
1350 2010 1595 2094 quaeri.

481 2095 607 2163 Sed
645 2099 885 2164 Caesar
931 2121 1059 2184 quo
1106 2098 1351 2163 famam
1396 2101 1740 2181 averteret,
1776 2098 2002 2163 adesse
2046 2097 2357 2183 frequens
2407 2100 2671 2166 senatui

300 2188 684 2272 legatosque
751 2187 981 2271 Asiae,
1055 2188 1462 2272 ambigentes
1532 2209 1815 2273 quanam
1881 2187 1953 2251 in
2019 2186 2284 2252 civitate
2349 2189 2673 2272 templum

303 2278 711 2360 statueretur,
755 2276 960 2360 pluris
1007 2298 1125 2362 per
1170 2276 1307 2342 dies
1357 2276 1628 2343 audivit.
1713 2275 2015 2342 undecim
2061 2275 2258 2342 urbes
2306 2279 2672 2364 certabant,

266 2366 444 2451 ‘pari
492 2365 866 2450 ambitione,
902 2365 1151 2431 viribus
1192 2365 1503 2432 diversae.
1583 2387 1791 2450 neque
1827 2366 2106 2431 multum
2147 2365 2467 2432 distantia
2503 2367 2674 2433 inter

231 2473 265 2523 5
305 2476 374 2520 80
422 2455 875 2520 memorabant
918 2455 996 2520 de
1033 2459 1358 2521 vetustate
1405 2455 1683 2540 generis,
1721 2454 1936 2520 studio
1974 2454 2044 2519 in
2080 2456 2395 2540 populum
2432 2456 2673 2522 Roma-

376 2669 425 2718 4.
500 2665 741 2733 probis,
744 2664 1090 2733 ,sittlichen,
1136 2664 1427 2721 811811811ᾶί-

302 2736 457 2804 3011“
460 2776 484 2818 ².
513 2736 592 2790 im
621 2706 934 2805 Gegensatz
970 2753 1082 2807 geg
1084 2753 1155 2792 en
1191 2737 1283 2792 die
1320 2735 1427 2792 all-

302 2805 528 2875 gemein
564 2806 938 2862 herrschende
973 2755 1246 2862 Ungzucht.

376 2894 647 2949 5811811,
682 2893 783 2948 der
809 2895 1007 2950 Worte
1035 2896 1134 2964 qui
1159 2912 1426 2964 memores,

304 2961 395 3017 die
454 2963 639 3019 Ritter
701 2966 932 3033 erganzt
993 2967 1122 3032 hat,
1177 2966 1429 3020 befindet

301 3033 425 3090 sich
458 3034 519 3088 in
554 3035 656 3089 der
682 3035 1054 3089 Handschrift
1080 3036 1204 3090 eine
1234 3037 1427 3092 Lficke

301 3123 414 3188 von
450 3109 599 3160 etwa
635 3105 899 3160 dreizehn
935 3106 1310 3161 Buchstaben.

376 3198 426 3248 7.
491 3198 760 3261 quantum
795 3210 863 3247 ex
898 3208 954 3249 80
978 3198 1271 3263 peteretur.
1338 3192 1429 3250 Da

303 3264 394 3319 ein
416 3262 570 3318 Sohn
598 3263 698 3317 der
717 3262 1032 3334 Agrippina
1061 3282 1189 3318 zum
1209 3264 1428 3319 Thron-

303 3333 486 3405 folger
521 3334 815 3388 bestimmt
841 3351 973 3402 war,
1004 3351 1066 3390 so
1103 3335 1310 3391 musste
1335 3334 1430 3391 ihr

273 3426 278 3434 ⁸
305 3405 547 3461 Gemahl
581 3405 810 3475 grossen
845 3404 1079 3462 Einflurs
1115 3406 1318 3462 haben.

377 3500 427 3549 8.
502 3483 656 3549 Uber
692 3495 801 3549 den
841 3494 1080 3551 Genetiv
1116 3494 1214 3551 bei
1248 3497 1429 3551 mani-

300 3566 474 3635 festus
512 3583 554 3619 s.
594 3584 662 3622 zu
698 3572 749 3634 2,
788 3572 873 3622 85.

378 3652 635 3708 10.1)10
673 3654 983 3711 Μο111011011
1021 3656 1122 3711 (101
1151 3655 1429 3726 jungeren

299 3721 645 3794 Agrippina,
680 3724 779 3778 der
816 3725 1030 3782 Mutter
1066 3726 1164 3781 des
1201 3726 1429 3781 Kaisers

300 3793 965 3924 Ξῗορηἶῗζέᾝέἓέ».
964 3814 1075 3853 V⁰¹¹
1122 3797 1250 3851 ‘³⁶¹²'
1287 3795 1429 3852 ffi‘*

372 3954 472 4011 54.
546 3962 596 4011 3.
669 3957 856 4012 soceri.
933 3954 1190 4009 Tiberius
1226 3953 1303 4009 ist
1335 3954 1427 4010 ihr

301 4024 811 4109 Schwiegervater,
867 4025 999 4082 weil
1063 4025 1427 4080 Germanicus

299 4096 420 4152 80111
463 4097 858 4168 Adoptivsohn
904 4114 1038 4152 war.
1087 4126 1155 4136 —
1211 4098 1428 4180 nescius

301 4166 505 4235 „nicht
557 4168 926 4241 vermbgend,
990 4165 1302 4236 unfahig‘ss
1366 4168 1426 4222 in

300 4207 485 4293 dieser
520 4240 855 4312 Bedeutung
902 4243 1018 4294 erst
1064 4238 1125 4293 in
1162 4237 1273 4292 den
1308 4239 1425 4296 An-

1537 2663 1731 2719 nalem
1786 2671 1848 2734 3,
1889 2670 1919 2718 1
1957 2665 2252 2721 tolerandi.
2340 2671 2410 2720 67
2448 2667 2672 2722 orandi.

1537 2734 1709 2790 Sonst
1734 2754 1842 2790 nur
1868 2735 1963 2791 bei
1989 2735 2345 2791 klassischen
2371 2736 2666 2793 Dichtcrn.

1608 2827 1659 2878 4.
1727 2823 2081 2893 discumbere,
2110 2840 2224 2880 von
2251 2824 2437 2879 einem
2467 2824 2671 2881 einzel-

1535 2911 1648 2948 nen
1682 2895 1899 2963 gesagt,
1940 2910 1984 2951 8.
2022 2913 2092 2950 zu
2130 2900 2180 2964 3,
2222 2900 2305 2950 14.

1608 2969 1658 3018 9.
1743 2980 1927 3019 coram
1963 2990 2032 3012 ==
2071 2968 2146 3021 ad
2180 2967 2363 3035 ipsam
2399 2965 2552 3035 Ayri
2582 2968 2670 3036 pi-

1534 3051 1667 3089 nam
1703 3051 1977 3091 conversa.
2065 3037 2138 3092 80
2178 3037 2318 3091 wird
2356 3037 2462 3091 das
2579 3039 2669 3093 ort

1536 3105 1717 3160 selten
1743 3105 2075 3176 gebraucht,
2093 3107 2200 3163 wie
2228 3107 2362 3164 dial.
2382 3113 2454 3162 36
2484 3124 2670 3166 coram

1535 3181 1587 3231 et
1605 3183 1932 3244 praesentes.
1983 3149 2094 3233 Cic.
2116 3178 2187 3233 de
2206 3177 2317 3247 103.
2339 3194 2460 3248 831.
2484 3184 2539 3245 3,
2561 3185 2608 3247 1,
2640 3185 2669 3232 1

1535 3263 1719 3303 coram
1747 3248 1958 3317 potius,
1996 3265 2079 3303 me
2114 3254 2423 3318 praesente.
2468 3279 2544 3290 —-
2581 3251 2668 3305 ob-

1535 3333 1721 3373 versus
1757 3317 1901 3372 statt
1936 3334 2251 3386 conversus,
2307 3319 2369 3373 in
2418 3320 2533 3375 den
2570 3320 2669 3375 Hi-

1458 3413 1463 3419 ’
1537 3387 1747 3443 storien
1783 3389 1900 3443 und
1929 3389 2203 3460 Annalen,
2233 3360 2319 3445 ’ist
2355 3397 2670 3462 8189111113-

1534 3459 1653 3513 11011
1700 3460 1987 3529 poetisch,
2033 3462 2183 3517 dann
2228 3459 2352 3520 Liv.
2393 3468 2454 3530 6,
2496 3468 2528 3517 7
2577 3464 2670 3519 ob·

1536 3546 1723 3586 versus
1767 3532 1831 3585 in
1875 3534 2062 3588 aciem.
2139 3539 2197 3601 6,
2236 3537 2310 3587 24
2356 3534 2671 3605 obvertique

1539 3602 1710 3657 aciem
1743 3603 2020 3659 viderunt.

1609 3671 1707 3728 55.
1785 3678 1833 3728 1.
1905 3674 2213 3745 frequens,
2219 3674 2486 3746 whaufig‘
2523 3675 2667 3731 wird

1536 3744 1681 3797 auch
1744 3760 1857 3798 1011
1910 3717 2213 3801 einzelnen
2259 3747 2493 3817 gesagt,
2558 3746 2666 3801 wie

1538 3831 1622 3883 cp.
1661 3821 1712 3869 3.
1755 3820 1846 3884 13,
1885 3821 1954 3869 35
2000 3818 2117 3887 ipse
2163 3848 2232 3860 —-
2280 3818 2346 3871 in
2382 3818 2668 3874 laboribus

1533 3885 1791 3957 frequens
1836 3887 2036 3943 adesse.
2112 3890 2244 3958 Agr.
2293 3894 2381 3942 37.
2429 3889 2566 3943 hist.
2611 3894 2663 3959 4,

1539 3961 1624 4011 69.
1692 3956 1767 4011 80
1805 3959 1980 4013 8011011
2009 3956 2123 4016 Cic.
2152 3975 2257 4029 pro
2273 3957 2443 4015 Rosc.
2472 3960 2600 4014 Am.
2631 3966 2664 4015 6

1536 4033 1658 4082 erat
1692 4029 1786 4083 ille
1822 4028 2032 4085 Romae
2063 4031 2334 4100 frequens.
2410 4030 2482 4085 de
2522 4034 2662 4086 orat.

1537 4103 1586 4166 1,
1627 4103 1696 4153 57
1722 4099 1980 4169 frequens
2006 4107 2056 4157 te
2083 4102 2280 4157 audivi
2307 4106 2472 4171 atque
2499 4103 2663 4171 affui.

1609 4175 1659 4223 2.
1697 4172 1973 4251 templum,
1999 4172 2250 4227 namlich
2264 4172 2362 4228 des
2381 4172 2660 4242 Tiberius,

1535 4240 1635 4295 der
1657 4239 1824 4297 Livia
1849 4243 1967 4298 und
1995 4244 2094 4300 des
2123 4243 2376 4300 Senates.
2433 4242 2544 4313 ΚΡ.
2575 4249 2652 4299 15.
