<?xml version="1.0" encoding="UTF-8"?>
<!DOCTYPE html PUBLIC "-//W3C//DTD XHTML 1.0 Transitional//EN"
    "http://www.w3.org/TR/xhtml1/DTD/xhtml1-transitional.dtd">
<html xmlns="http://www.w3.org/1999/xhtml" xml:lang="en" lang="en">
 <head>
  <title>
</title>
<meta http-equiv="Content-Type" content="text/html;charset=utf-8" />
  <meta name='ocr-system' content='tesseract 3.04.00' />
  <meta name='ocr-capabilities' content='ocr_page ocr_carea ocr_par ocr_line ocrx_word'/>
</head>
<body>
  <div class='ocr_page' id='page_1' title='image "./dieannalendesta00draegoog_0133.png"; bbox 0 0 2867 4625; ppageno 0'>
   <div class='ocr_carea' id='block_1_1' title="bbox 1011 107 1809 165">
    <p class='ocr_par' dir='ltr' id='par_1_1' title="bbox 1011 107 1809 165">
     <span class='ocr_line' id='line_1_1' title="bbox 1011 107 1809 165; baseline 0 -1"><span class='ocrx_word' id='word_1_1' title='bbox 1011 107 1232 164; x_wconf 86' lang='lat' dir='ltr'>LIBER</span> <span class='ocrx_word' id='word_1_2' title='bbox 1256 108 1324 165; x_wconf 92' lang='lat'><strong>11.</strong></span> <span class='ocrx_word' id='word_1_3' title='bbox 1392 107 1550 164; x_wconf 81' lang='lat' dir='ltr'><strong>CAP.</strong></span> <span class='ocrx_word' id='word_1_4' title='bbox 1580 114 1809 164; x_wconf 79' lang='lat'><strong>42-43.</strong></span> 
     </span>
    </p>
   </div>
   <div class='ocr_carea' id='block_1_2' title="bbox 2455 108 2579 172">
    <p class='ocr_par' dir='ltr' id='par_1_2' title="bbox 2455 108 2579 172">
     <span class='ocr_line' id='line_1_2' title="bbox 2455 108 2579 172; baseline -0.008 0"><span class='ocrx_word' id='word_1_5' title='bbox 2455 108 2579 172; x_wconf 84' lang='lat'><strong>121</strong></span> 
     </span>
    </p>
   </div>
   <div class='ocr_carea' id='block_1_3' title="bbox 226 269 2689 802">
    <p class='ocr_par' dir='ltr' id='par_1_3' title="bbox 226 269 2585 536">
     <span class='ocr_line' id='line_1_3' title="bbox 226 269 2585 357; baseline -0 -21"><span class='ocrx_word' id='word_1_6' title='bbox 226 271 500 357; x_wconf 83' lang='lat' dir='ltr'><strong>regibus</strong></span> <span class='ocrx_word' id='word_1_7' title='bbox 575 272 897 337; x_wconf 82' lang='lat' dir='ltr'><strong>defunctis</strong></span> <span class='ocrx_word' id='word_1_8' title='bbox 951 271 1383 337; x_wconf 72' lang='lat' dir='ltr'><strong>turbabantur</strong></span> <span class='ocrx_word' id='word_1_9' title='bbox 1436 272 1765 354; x_wconf 84' lang='lat' dir='ltr'><strong>nationes,</strong></span> <span class='ocrx_word' id='word_1_10' title='bbox 1817 270 2144 355; x_wconf 90' lang='lat' dir='ltr'><strong>plerisque</strong></span> <span class='ocrx_word' id='word_1_11' title='bbox 2198 269 2585 355; x_wconf 82' lang='lat' dir='ltr'><strong>Romanum,</strong></span> 
     </span>
     <span class='ocr_line' id='line_1_4' title="bbox 230 356 2585 446; baseline -0 -22"><span class='ocrx_word' id='word_1_12' title='bbox 230 361 379 425; x_wconf 88' lang='lat' dir='ltr'><strong>aliis</strong></span> <span class='ocrx_word' id='word_1_13' title='bbox 445 361 698 446; x_wconf 86' lang='lat' dir='ltr'><strong>regium</strong></span> <span class='ocrx_word' id='word_1_14' title='bbox 744 361 1086 445; x_wconf 90' lang='lat' dir='ltr'><strong>imperium</strong></span> <span class='ocrx_word' id='word_1_15' title='bbox 1134 361 1575 445; x_wconf 83' lang='lat' dir='ltr'><strong>cupientibus3</strong></span> <span class='ocrx_word' id='word_1_16' title='bbox 1623 364 1689 424; x_wconf 88' lang='lat' dir='ltr'><strong>et</strong></span> <span class='ocrx_word' id='word_1_17' title='bbox 1731 360 2107 445; x_wconf 87' lang='lat' dir='ltr'><strong>provinciae</strong></span> <span class='ocrx_word' id='word_1_18' title='bbox 2155 356 2343 424; x_wconf 87' lang='lat' dir='ltr'><strong>Suria</strong></span> <span class='ocrx_word' id='word_1_19' title='bbox 2390 363 2585 445; x_wconf 89' lang='lat' dir='ltr'><strong>atque</strong></span> 
     </span>
     <span class='ocr_line' id='line_1_5' title="bbox 230 447 2412 536; baseline -0.002 -23"><span class='ocrx_word' id='word_1_20' title='bbox 230 447 499 536; x_wconf 86' lang='lat' dir='ltr'><strong>Iudaea,</strong></span> <span class='ocrx_word' id='word_1_21' title='bbox 541 448 752 515; x_wconf 80' lang='lat' dir='ltr'><strong>fessae</strong></span> <span class='ocrx_word' id='word_1_22' title='bbox 801 449 1124 533; x_wconf 76' lang='lat' dir='ltr'><strong>oneribuS,</strong></span> <span class='ocrx_word' id='word_1_23' title='bbox 1171 449 1679 514; x_wconf 80' lang='lat' dir='ltr'><strong>deminutionem</strong></span> <span class='ocrx_word' id='word_1_24' title='bbox 1725 449 1956 514; x_wconf 90' lang='lat' dir='ltr'><strong>tributi</strong></span> <span class='ocrx_word' id='word_1_25' title='bbox 2005 448 2300 514; x_wconf 85' lang='lat' dir='ltr'><strong>orabant.</strong></span> <span class='ocrx_word' id='word_1_26' title='bbox 2407 504 2412 509; x_wconf 84' lang='lat'><strong>.</strong></span> 
     </span>
    </p>

    <p class='ocr_par' dir='ltr' id='par_1_4' title="bbox 227 537 2689 802">
     <span class='ocr_line' id='line_1_6' title="bbox 410 537 2689 623; baseline -0 -20"><span class='ocrx_word' id='word_1_27' title='bbox 410 537 623 623; x_wconf 83' lang='lat' dir='ltr'><strong>Igitur</strong></span> <span class='ocrx_word' id='word_1_28' title='bbox 683 538 844 604; x_wconf 88' lang='lat' dir='ltr'><strong>haec</strong></span> <span class='ocrx_word' id='word_1_29' title='bbox 891 541 959 603; x_wconf 92' lang='lat' dir='ltr'><strong>et</strong></span> <span class='ocrx_word' id='word_1_30' title='bbox 1014 538 1090 603; x_wconf 90' lang='lat' dir='ltr'><strong>de</strong></span> <span class='ocrx_word' id='word_1_31' title='bbox 1144 537 1458 603; x_wconf 88' lang='lat' dir='ltr'><strong>Armenia</strong></span> <span class='ocrx_word' id='word_1_32' title='bbox 1514 559 1679 622; x_wconf 86' lang='lat' dir='ltr'><strong>quae</strong></span> <span class='ocrx_word' id='word_1_33' title='bbox 1744 560 1940 622; x_wconf 88' lang='lat' dir='ltr'><strong>supra</strong></span> <span class='ocrx_word' id='word_1_34' title='bbox 1993 538 2347 603; x_wconf 82' lang='lat' dir='ltr'><strong>memoravi</strong></span> <span class='ocrx_word' id='word_1_35' title='bbox 2410 538 2581 622; x_wconf 89' lang='lat' dir='ltr'><strong>apud</strong></span> <span class='ocrx_word' id='word_1_36' title='bbox 2601 537 2689 602; x_wconf 89' lang='lat'><strong>43</strong></span> 
     </span>
     <span class='ocr_line' id='line_1_7' title="bbox 227 627 2577 711; baseline 0 -21"><span class='ocrx_word' id='word_1_37' title='bbox 227 630 455 711; x_wconf 88' lang='lat' dir='ltr'><strong>patres</strong></span> <span class='ocrx_word' id='word_1_38' title='bbox 518 627 850 702; x_wconf 80' lang='lat' dir='ltr'><strong>disseruit,</strong></span> <span class='ocrx_word' id='word_1_39' title='bbox 911 640 1035 692; x_wconf 72' lang='lat' dir='ltr'><strong>nec·</strong></span> <span class='ocrx_word' id='word_1_40' title='bbox 1093 648 1284 711; x_wconf 90' lang='lat' dir='ltr'><strong>posse</strong></span> <span class='ocrx_word' id='word_1_41' title='bbox 1343 631 1594 692; x_wconf 90' lang='lat' dir='ltr'><strong>motum</strong></span> <span class='ocrx_word' id='word_1_42' title='bbox 1650 628 1964 692; x_wconf 88' lang='lat' dir='ltr'><strong>orientem</strong></span> <span class='ocrx_word' id='word_1_43' title='bbox 2022 627 2152 692; x_wconf 92' lang='lat' dir='ltr'><strong>nisi</strong></span> <span class='ocrx_word' id='word_1_44' title='bbox 2208 627 2577 692; x_wconf 85' lang='lat' dir='ltr'><strong>Germanici</strong></span> 
     </span>
     <span class='ocr_line' id='line_1_8' title="bbox 227 714 2579 802; baseline 0 -22"><span class='ocrx_word' id='word_1_45' title='bbox 227 716 556 800; x_wconf 85' lang='lat' dir='ltr'><strong>sapientia</strong></span> <span class='ocrx_word' id='word_1_46' title='bbox 601 716 909 800; x_wconf 73' lang='lat' dir='ltr'><strong>conponi,</strong></span> <span class='ocrx_word' id='word_1_47' title='bbox 951 737 1105 781; x_wconf 90' lang='lat' dir='ltr'><strong>nam</strong></span> <span class='ocrx_word' id='word_1_48' title='bbox 1153 737 1338 780; x_wconf 91' lang='lat' dir='ltr'><strong>suam</strong></span> <span class='ocrx_word' id='word_1_49' title='bbox 1384 720 1667 781; x_wconf 89' lang='lat' dir='ltr'><strong>aetatem</strong></span> <span class='ocrx_word' id='word_1_50' title='bbox 1713 737 2007 802; x_wconf 87' lang='lat' dir='ltr'><strong>vergere,</strong></span> <span class='ocrx_word' id='word_1_51' title='bbox 2051 714 2250 781; x_wconf 89' lang='lat' dir='ltr'><strong>Drusi</strong></span> <span class='ocrx_word' id='word_1_52' title='bbox 2294 716 2579 782; x_wconf 91' lang='lat' dir='ltr'><strong>nondum</strong></span> 
     </span>
    </p>
   </div>
   <div class='ocr_carea' id='block_1_4' title="bbox 228 805 841 870">
    <p class='ocr_par' dir='ltr' id='par_1_5' title="bbox 228 805 841 870">
     <span class='ocr_line' id='line_1_9' title="bbox 228 805 841 870; baseline 0 -1"><span class='ocrx_word' id='word_1_53' title='bbox 228 806 397 869; x_wconf 86' lang='lat' dir='ltr'><strong>satis</strong></span> <span class='ocrx_word' id='word_1_54' title='bbox 466 805 841 870; x_wconf 82' lang='lat' dir='ltr'><strong>adolevisse.</strong></span> 
     </span>
    </p>
   </div>
   <div class='ocr_carea' id='block_1_5' title="bbox 947 803 2579 890">
    <p class='ocr_par' dir='ltr' id='par_1_6' title="bbox 947 803 2579 890">
     <span class='ocr_line' id='line_1_10' title="bbox 947 803 2579 890; baseline 0 -21"><span class='ocrx_word' id='word_1_55' title='bbox 947 808 1103 870; x_wconf 85' lang='lat' dir='ltr'><strong>tunc</strong></span> <span class='ocrx_word' id='word_1_56' title='bbox 1158 803 1415 870; x_wconf 88' lang='lat' dir='ltr'><strong>decreto</strong></span> <span class='ocrx_word' id='word_1_57' title='bbox 1475 809 1738 890; x_wconf 88' lang='lat' dir='ltr'><strong>patrum</strong></span> <span class='ocrx_word' id='word_1_58' title='bbox 1792 805 2145 888; x_wconf 88' lang='lat' dir='ltr'><strong>permissae</strong></span> <span class='ocrx_word' id='word_1_59' title='bbox 2193 803 2579 870; x_wconf 82' lang='lat' dir='ltr'><strong>Germanico</strong></span> 
     </span>
    </p>
   </div>
   <div class='ocr_carea' id='block_1_6' title="bbox 220 893 2689 1688">
    <p class='ocr_par' dir='ltr' id='par_1_7' title="bbox 220 893 2689 1688">
     <span class='ocr_line' id='line_1_11' title="bbox 232 893 2651 979; baseline 0 -21"><span class='ocrx_word' id='word_1_60' title='bbox 232 894 609 976; x_wconf 88' lang='lat' dir='ltr'><strong>provinciae</strong></span> <span class='ocrx_word' id='word_1_61' title='bbox 657 916 822 979; x_wconf 89' lang='lat' dir='ltr'><strong>quae</strong></span> <span class='ocrx_word' id='word_1_62' title='bbox 876 896 1040 958; x_wconf 87' lang='lat' dir='ltr'><strong>mari</strong></span> <span class='ocrx_word' id='word_1_63' title='bbox 1087 894 1480 977; x_wconf 86' lang='lat' dir='ltr'><strong>dividuntur,</strong></span> <span class='ocrx_word' id='word_1_64' title='bbox 1524 895 1862 977; x_wconf 90' lang='lat' dir='ltr'><strong>maiusque</strong></span> <span class='ocrx_word' id='word_1_65' title='bbox 1908 893 2270 977; x_wconf 88' lang='lat' dir='ltr'><strong>imperium,</strong></span> <span class='ocrx_word' id='word_1_66' title='bbox 2317 916 2577 978; x_wconf 89' lang='lat' dir='ltr'><strong>quoquo</strong></span> <span class='ocrx_word' id='word_1_67' title='bbox 2618 909 2651 958; x_wconf 81' lang='lat'>5</span> 
     </span>
     <span class='ocr_line' id='line_1_12' title="bbox 232 981 2580 1067; baseline 0 -21"><span class='ocrx_word' id='word_1_68' title='bbox 232 983 510 1061; x_wconf 80' lang='lat' dir='ltr'><strong>adisset,</strong></span> <span class='ocrx_word' id='word_1_69' title='bbox 571 1004 766 1066; x_wconf 91' lang='lat' dir='ltr'><strong>quam</strong></span> <span class='ocrx_word' id='word_1_70' title='bbox 824 981 906 1047; x_wconf 92' lang='lat' dir='ltr'><strong>iis</strong></span> <span class='ocrx_word' id='word_1_71' title='bbox 972 983 1083 1067; x_wconf 91' lang='lat' dir='ltr'><strong>qui</strong></span> <span class='ocrx_word' id='word_1_72' title='bbox 1148 986 1322 1048; x_wconf 86' lang='lat' dir='ltr'><strong>sorte</strong></span> <span class='ocrx_word' id='word_1_73' title='bbox 1381 987 1498 1048; x_wconf 89' lang='lat' dir='ltr'><strong>aut</strong></span> <span class='ocrx_word' id='word_1_74' title='bbox 1560 983 1759 1047; x_wconf 89' lang='lat' dir='ltr'><strong>missu</strong></span> <span class='ocrx_word' id='word_1_75' title='bbox 1817 982 2130 1066; x_wconf 89' lang='lat' dir='ltr'><strong>principis</strong></span> <span class='ocrx_word' id='word_1_76' title='bbox 2193 983 2580 1048; x_wconf 89' lang='lat' dir='ltr'><strong>obtinerent.</strong></span> 
     </span>
     <span class='ocr_line' id='line_1_13' title="bbox 232 1069 2582 1156; baseline -0 -21"><span class='ocrx_word' id='word_1_77' title='bbox 232 1071 353 1136; x_wconf 85' lang='lat' dir='ltr'><strong>sed</strong></span> <span class='ocrx_word' id='word_1_78' title='bbox 400 1071 694 1136; x_wconf 86' lang='lat' dir='ltr'><strong>Tiberius</strong></span> <span class='ocrx_word' id='word_1_79' title='bbox 740 1071 1116 1136; x_wconf 86' lang='lat' dir='ltr'><strong>demoverat</strong></span> <span class='ocrx_word' id='word_1_80' title='bbox 1162 1069 1354 1136; x_wconf 83' lang='lat' dir='ltr'><strong>Suria</strong></span> <span class='ocrx_word' id='word_1_81' title='bbox 1389 1070 1715 1138; x_wconf 87' lang='lat' dir='ltr'><strong>Oreticum</strong></span> <span class='ocrx_word' id='word_1_82' title='bbox 1765 1069 2076 1155; x_wconf 87' lang='lat' dir='ltr'><strong>Silanum,</strong></span> <span class='ocrx_word' id='word_1_83' title='bbox 2121 1093 2238 1156; x_wconf 86' lang='lat' dir='ltr'><strong>per</strong></span> <span class='ocrx_word' id='word_1_84' title='bbox 2284 1071 2582 1135; x_wconf 88' lang='lat' dir='ltr'><strong>adfinita-</strong></span> 
     </span>
     <span class='ocr_line' id='line_1_14' title="bbox 224 1157 2581 1244; baseline -0 -20"><span class='ocrx_word' id='word_1_85' title='bbox 224 1164 369 1224; x_wconf 90' lang='lat' dir='ltr'><strong>tem</strong></span> <span class='ocrx_word' id='word_1_86' title='bbox 416 1181 731 1225; x_wconf 81' lang='lat' dir='ltr'><strong>conexum</strong></span> <span class='ocrx_word' id='word_1_87' title='bbox 777 1159 1181 1242; x_wconf 85' lang='lat' dir='ltr'><strong>Germanic0‚</strong></span> <span class='ocrx_word' id='word_1_88' title='bbox 1227 1159 1378 1244; x_wconf 88' lang='lat' dir='ltr'><strong>quia</strong></span> <span class='ocrx_word' id='word_1_89' title='bbox 1416 1158 1623 1226; x_wconf 88' lang='lat' dir='ltr'><strong>Silani</strong></span> <span class='ocrx_word' id='word_1_90' title='bbox 1669 1159 1807 1224; x_wconf 89' lang='lat' dir='ltr'><strong>filia</strong></span> <span class='ocrx_word' id='word_1_91' title='bbox 1852 1157 2097 1225; x_wconf 88' lang='lat' dir='ltr'><strong>Neroni</strong></span> <span class='ocrx_word' id='word_1_92' title='bbox 2133 1159 2581 1226; x_wconf 90' lang='lat' dir='ltr'><strong>vetustissimo</strong></span> 
     </span>
     <span class='ocr_line' id='line_1_15' title="bbox 223 1247 2581 1335; baseline -0 -22"><span class='ocrx_word' id='word_1_93' title='bbox 223 1248 585 1313; x_wconf 87' lang='lat' dir='ltr'><strong>liberorum</strong></span> <span class='ocrx_word' id='word_1_94' title='bbox 621 1249 759 1314; x_wconf 92' lang='lat' dir='ltr'><strong>eius</strong></span> <span class='ocrx_word' id='word_1_95' title='bbox 794 1254 992 1334; x_wconf 80' lang='lat' dir='ltr'><strong>pacta</strong></span> <span class='ocrx_word' id='word_1_96' title='bbox 1029 1255 1187 1334; x_wconf 89' lang='lat' dir='ltr'><strong>erat,</strong></span> <span class='ocrx_word' id='word_1_97' title='bbox 1232 1250 1764 1333; x_wconf 78' lang='lat' dir='ltr'><strong>praefeceratque</strong></span> <span class='ocrx_word' id='word_1_98' title='bbox 1801 1247 1914 1314; x_wconf 83' lang='lat' dir='ltr'><strong>On.</strong></span> <span class='ocrx_word' id='word_1_99' title='bbox 1962 1248 2284 1334; x_wconf 85' lang='lat' dir='ltr'><strong>Pisonem,</strong></span> <span class='ocrx_word' id='word_1_100' title='bbox 2319 1248 2581 1335; x_wconf 84' lang='lat' dir='ltr'><strong>ingenio</strong></span> 
     </span>
     <span class='ocr_line' id='line_1_16' title="bbox 220 1336 2689 1423; baseline 0 -22"><span class='ocrx_word' id='word_1_101' title='bbox 220 1337 587 1402; x_wconf 88' lang='lat' dir='ltr'><strong>violentum</strong></span> <span class='ocrx_word' id='word_1_102' title='bbox 634 1342 702 1402; x_wconf 90' lang='lat' dir='ltr'><strong>et</strong></span> <span class='ocrx_word' id='word_1_103' title='bbox 767 1337 1063 1423; x_wconf 90' lang='lat' dir='ltr'><strong>obsequii</strong></span> <span class='ocrx_word' id='word_1_104' title='bbox 1107 1339 1435 1423; x_wconf 86' lang='lat' dir='ltr'><strong>ignarum,</strong></span> <span class='ocrx_word' id='word_1_105' title='bbox 1479 1338 1679 1403; x_wconf 86' lang='lat' dir='ltr'><strong>insita</strong></span> <span class='ocrx_word' id='word_1_106' title='bbox 1723 1337 1965 1403; x_wconf 86' lang='lat' dir='ltr'><strong>ferocia</strong></span> <span class='ocrx_word' id='word_1_107' title='bbox 2010 1360 2050 1402; x_wconf 89' lang='lat' dir='ltr'><strong>a</strong></span> <span class='ocrx_word' id='word_1_108' title='bbox 2094 1341 2280 1422; x_wconf 88' lang='lat' dir='ltr'><strong>patre</strong></span> <span class='ocrx_word' id='word_1_109' title='bbox 2326 1336 2584 1420; x_wconf 86' lang='lat' dir='ltr'><strong>Pisone,</strong></span> <span class='ocrx_word' id='word_1_110' title='bbox 2624 1351 2689 1402; x_wconf 89' lang='lat'><strong>10</strong></span> 
     </span>
     <span class='ocr_line' id='line_1_17' title="bbox 222 1425 2577 1512; baseline 0.001 -22"><span class='ocrx_word' id='word_1_111' title='bbox 222 1426 337 1510; x_wconf 90' lang='lat' dir='ltr'><strong>qui</strong></span> <span class='ocrx_word' id='word_1_112' title='bbox 375 1426 551 1491; x_wconf 92' lang='lat' dir='ltr'><strong>civili</strong></span> <span class='ocrx_word' id='word_1_113' title='bbox 587 1426 759 1491; x_wconf 92' lang='lat' dir='ltr'><strong>bello</strong></span> <span class='ocrx_word' id='word_1_114' title='bbox 796 1431 1208 1512; x_wconf 83' lang='lat' dir='ltr'><strong>resurgentes</strong></span> <span class='ocrx_word' id='word_1_115' title='bbox 1245 1427 1315 1492; x_wconf 91' lang='lat' dir='ltr'><strong>in</strong></span> <span class='ocrx_word' id='word_1_116' title='bbox 1345 1426 1571 1492; x_wconf 87' lang='lat' dir='ltr'><strong>Africa</strong></span> <span class='ocrx_word' id='word_1_117' title='bbox 1605 1431 1825 1511; x_wconf 83' lang='lat' dir='ltr'><strong>partes</strong></span> <span class='ocrx_word' id='word_1_118' title='bbox 1862 1426 2175 1492; x_wconf 90' lang='lat' dir='ltr'><strong>acerrimo</strong></span> <span class='ocrx_word' id='word_1_119' title='bbox 2213 1425 2577 1492; x_wconf 90' lang='lat' dir='ltr'><strong>ministerio</strong></span> 
     </span>
     <span class='ocr_line' id='line_1_18' title="bbox 222 1512 2580 1599; baseline 0 -20"><span class='ocrx_word' id='word_1_120' title='bbox 222 1515 534 1580; x_wconf 87' lang='lat' dir='ltr'><strong>adversus</strong></span> <span class='ocrx_word' id='word_1_121' title='bbox 589 1513 934 1581; x_wconf 85' lang='lat' dir='ltr'><strong>Caesarem</strong></span> <span class='ocrx_word' id='word_1_122' title='bbox 1008 1516 1197 1599; x_wconf 89' lang='lat' dir='ltr'><strong>iuvit,</strong></span> <span class='ocrx_word' id='word_1_123' title='bbox 1276 1537 1428 1580; x_wconf 85' lang='lat' dir='ltr'><strong>mox</strong></span> <span class='ocrx_word' id='word_1_124' title='bbox 1487 1515 1763 1581; x_wconf 88' lang='lat' dir='ltr'><strong>Brutum</strong></span> <span class='ocrx_word' id='word_1_125' title='bbox 1824 1519 1890 1580; x_wconf 89' lang='lat' dir='ltr'><strong>et</strong></span> <span class='ocrx_word' id='word_1_126' title='bbox 1942 1512 2239 1580; x_wconf 84' lang='lat' dir='ltr'><strong>Cassium</strong></span> <span class='ocrx_word' id='word_1_127' title='bbox 2305 1518 2580 1598; x_wconf 90' lang='lat' dir='ltr'><strong>secutus,</strong></span> 
     </span>
     <span class='ocr_line' id='line_1_19' title="bbox 222 1604 2578 1688; baseline 0 -20"><span class='ocrx_word' id='word_1_128' title='bbox 222 1625 533 1669; x_wconf 89' lang='lat' dir='ltr'><strong>concesso</strong></span> <span class='ocrx_word' id='word_1_129' title='bbox 570 1604 782 1670; x_wconf 90' lang='lat' dir='ltr'><strong>reditu</strong></span> <span class='ocrx_word' id='word_1_130' title='bbox 819 1605 1134 1688; x_wconf 88' lang='lat' dir='ltr'><strong>petitione</strong></span> <span class='ocrx_word' id='word_1_131' title='bbox 1182 1605 1506 1671; x_wconf 88' lang='lat' dir='ltr'><strong>honorum</strong></span> <span class='ocrx_word' id='word_1_132' title='bbox 1553 1604 1887 1687; x_wconf 87' lang='lat' dir='ltr'><strong>abstinuit,</strong></span> <span class='ocrx_word' id='word_1_133' title='bbox 1926 1604 2126 1671; x_wconf 90' lang='lat' dir='ltr'><strong>donec</strong></span> <span class='ocrx_word' id='word_1_134' title='bbox 2161 1606 2335 1669; x_wconf 89' lang='lat' dir='ltr'><strong>ultro</strong></span> <span class='ocrx_word' id='word_1_135' title='bbox 2375 1604 2578 1669; x_wconf 91' lang='lat' dir='ltr'><strong>ambi-</strong></span> 
     </span>
    </p>
   </div>
   <div class='ocr_carea' id='block_1_7' title="bbox 219 1693 2057 1779">
    <p class='ocr_par' dir='ltr' id='par_1_8' title="bbox 219 1693 2057 1779">
     <span class='ocr_line' id='line_1_20' title="bbox 219 1693 2057 1779; baseline 0 -22"><span class='ocrx_word' id='word_1_136' title='bbox 219 1696 406 1757; x_wconf 86' lang='lat' dir='ltr'><strong>retur</strong></span> <span class='ocrx_word' id='word_1_137' title='bbox 461 1693 746 1768; x_wconf 86' lang='lat' dir='ltr'><strong>delatum</strong></span> <span class='ocrx_word' id='word_1_138' title='bbox 802 1693 884 1758; x_wconf 91' lang='lat' dir='ltr'><strong>ab</strong></span> <span class='ocrx_word' id='word_1_139' title='bbox 931 1694 1233 1779; x_wconf 86' lang='lat' dir='ltr'><strong>Augusto</strong></span> <span class='ocrx_word' id='word_1_140' title='bbox 1289 1694 1693 1759; x_wconf 88' lang='lat' dir='ltr'><strong>consulatum</strong></span> <span class='ocrx_word' id='word_1_141' title='bbox 1750 1694 2057 1778; x_wconf 85' lang='lat' dir='ltr'><strong>accipere.</strong></span> 
     </span>
    </p>
   </div>
   <div class='ocr_carea' id='block_1_8' title="bbox 2163 1694 2575 1779">
    <p class='ocr_par' dir='ltr' id='par_1_9' title="bbox 2163 1694 2575 1779">
     <span class='ocr_line' id='line_1_21' title="bbox 2163 1694 2575 1779; baseline -0.002 -21"><span class='ocrx_word' id='word_1_142' title='bbox 2163 1694 2275 1759; x_wconf 90' lang='lat' dir='ltr'><strong>sed</strong></span> <span class='ocrx_word' id='word_1_143' title='bbox 2319 1697 2575 1779; x_wconf 79' lang='lat' dir='ltr'><strong>praeter</strong></span> 
     </span>
    </p>
   </div>
   <div class='ocr_carea' id='block_1_9' title="bbox 221 1780 2684 2314">
    <p class='ocr_par' dir='ltr' id='par_1_10' title="bbox 221 1780 2684 2314">
     <span class='ocr_line' id='line_1_22' title="bbox 222 1780 2681 1867; baseline -0.002 -21"><span class='ocrx_word' id='word_1_144' title='bbox 222 1789 537 1865; x_wconf 88' lang='lat' dir='ltr'><strong>paternos</strong></span> <span class='ocrx_word' id='word_1_145' title='bbox 586 1782 852 1867; x_wconf 89' lang='lat' dir='ltr'><strong>spiritus</strong></span> <span class='ocrx_word' id='word_1_146' title='bbox 899 1783 1118 1848; x_wconf 85' lang='lat' dir='ltr'><strong>uxoris</strong></span> <span class='ocrx_word' id='word_1_147' title='bbox 1166 1804 1420 1866; x_wconf 91' lang='lat' dir='ltr'><strong>quoque</strong></span> <span class='ocrx_word' id='word_1_148' title='bbox 1465 1780 1813 1848; x_wconf 79' lang='lat' dir='ltr'><strong>Plancinae</strong></span> <span class='ocrx_word' id='word_1_149' title='bbox 1857 1782 2201 1848; x_wconf 82' lang='lat' dir='ltr'><strong>nobilitate</strong></span> <span class='ocrx_word' id='word_1_150' title='bbox 2239 1786 2305 1846; x_wconf 90' lang='lat' dir='ltr'><strong>et</strong></span> <span class='ocrx_word' id='word_1_151' title='bbox 2342 1782 2574 1867; x_wconf 89' lang='lat' dir='ltr'><strong>opibus</strong></span> <span class='ocrx_word' id='word_1_152' title='bbox 2617 1794 2681 1843; x_wconf 81' lang='lat'><strong>15</strong></span> 
     </span>
     <span class='ocr_line' id='line_1_23' title="bbox 221 1870 2574 1954; baseline -0 -18"><span class='ocrx_word' id='word_1_153' title='bbox 221 1870 718 1953; x_wconf 80' lang='lat' dir='ltr'><strong>accendebatur3</strong></span> <span class='ocrx_word' id='word_1_154' title='bbox 764 1870 872 1935; x_wconf 85' lang='lat' dir='ltr'><strong>vix</strong></span> <span class='ocrx_word' id='word_1_155' title='bbox 916 1871 1177 1937; x_wconf 85' lang='lat' dir='ltr'><strong>Tiberio</strong></span> <span class='ocrx_word' id='word_1_156' title='bbox 1242 1871 1621 1954; x_wconf 82' lang='lat' dir='ltr'><strong>concedere,</strong></span> <span class='ocrx_word' id='word_1_157' title='bbox 1665 1871 1907 1936; x_wconf 88' lang='lat' dir='ltr'><strong>liberos</strong></span> <span class='ocrx_word' id='word_1_158' title='bbox 1964 1872 2102 1936; x_wconf 89' lang='lat' dir='ltr'><strong>eius</strong></span> <span class='ocrx_word' id='word_1_159' title='bbox 2161 1875 2235 1936; x_wconf 93' lang='lat' dir='ltr'><strong>ut</strong></span> <span class='ocrx_word' id='word_1_160' title='bbox 2297 1872 2574 1936; x_wconf 90' lang='lat' dir='ltr'><strong>multum</strong></span> 
     </span>
     <span class='ocr_line' id='line_1_24' title="bbox 221 1959 2573 2044; baseline 0.001 -20"><span class='ocrx_word' id='word_1_161' title='bbox 221 1959 399 2024; x_wconf 85' lang='lat' dir='ltr'><strong>infra</strong></span> <span class='ocrx_word' id='word_1_162' title='bbox 444 1960 834 2043; x_wconf 87' lang='lat' dir='ltr'><strong>despectare.</strong></span> <span class='ocrx_word' id='word_1_163' title='bbox 917 1982 1035 2024; x_wconf 91' lang='lat' dir='ltr'><strong>nec</strong></span> <span class='ocrx_word' id='word_1_164' title='bbox 1073 1960 1340 2025; x_wconf 89' lang='lat' dir='ltr'><strong>dubium</strong></span> <span class='ocrx_word' id='word_1_165' title='bbox 1377 1961 1668 2025; x_wconf 91' lang='lat' dir='ltr'><strong>habebat</strong></span> <span class='ocrx_word' id='word_1_166' title='bbox 1715 1982 1783 2024; x_wconf 93' lang='lat' dir='ltr'><strong>se</strong></span> <span class='ocrx_word' id='word_1_167' title='bbox 1822 1959 2156 2041; x_wconf 90' lang='lat' dir='ltr'><strong>delectum,</strong></span> <span class='ocrx_word' id='word_1_168' title='bbox 2197 1960 2307 2044; x_wconf 89' lang='lat' dir='ltr'><strong>qui</strong></span> <span class='ocrx_word' id='word_1_169' title='bbox 2346 1959 2573 2026; x_wconf 85' lang='lat' dir='ltr'><strong>Suriae</strong></span> 
     </span>
     <span class='ocr_line' id='line_1_25' title="bbox 226 2046 2572 2133; baseline 0 -21"><span class='ocrx_word' id='word_1_170' title='bbox 226 2049 651 2132; x_wconf 89' lang='lat' dir='ltr'><strong>inponeretur</strong></span> <span class='ocrx_word' id='word_1_171' title='bbox 697 2049 780 2114; x_wconf 89' lang='lat' dir='ltr'><strong>ad</strong></span> <span class='ocrx_word' id='word_1_172' title='bbox 827 2072 975 2132; x_wconf 88' lang='lat' dir='ltr'><strong>spes</strong></span> <span class='ocrx_word' id='word_1_173' title='bbox 1024 2046 1394 2115; x_wconf 79' lang='lat' dir='ltr'><strong>Germanici</strong></span> <span class='ocrx_word' id='word_1_174' title='bbox 1440 2048 1843 2115; x_wconf 64' lang='lat' dir='ltr'><strong>coercendae.</strong></span> <span class='ocrx_word' id='word_1_175' title='bbox 1935 2048 2258 2114; x_wconf 87' lang='lat' dir='ltr'><strong>credidere</strong></span> <span class='ocrx_word' id='word_1_176' title='bbox 2306 2048 2572 2133; x_wconf 91' lang='lat' dir='ltr'><strong>quidam</strong></span> 
     </span>
     <span class='ocr_line' id='line_1_26' title="bbox 221 2136 2571 2222; baseline 0 -21"><span class='ocrx_word' id='word_1_177' title='bbox 221 2137 381 2201; x_wconf 89' lang='lat' dir='ltr'><strong>data</strong></span> <span class='ocrx_word' id='word_1_178' title='bbox 427 2141 493 2201; x_wconf 93' lang='lat' dir='ltr'><strong>et</strong></span> <span class='ocrx_word' id='word_1_179' title='bbox 538 2159 578 2201; x_wconf 87' lang='lat' dir='ltr'><strong>a</strong></span> <span class='ocrx_word' id='word_1_180' title='bbox 621 2137 883 2202; x_wconf 86' lang='lat' dir='ltr'><strong>Tiberio</strong></span> <span class='ocrx_word' id='word_1_181' title='bbox 933 2138 1186 2204; x_wconf 89' lang='lat' dir='ltr'><strong>occulta</strong></span> <span class='ocrx_word' id='word_1_182' title='bbox 1232 2138 1566 2222; x_wconf 82' lang='lat' dir='ltr'><strong>mandata3</strong></span> <span class='ocrx_word' id='word_1_183' title='bbox 1623 2140 1689 2202; x_wconf 91' lang='lat' dir='ltr'><strong>et</strong></span> <span class='ocrx_word' id='word_1_184' title='bbox 1733 2136 2111 2203; x_wconf 87' lang='lat' dir='ltr'><strong>Plancinam</strong></span> <span class='ocrx_word' id='word_1_185' title='bbox 2158 2137 2331 2201; x_wconf 91' lang='lat' dir='ltr'><strong>haud</strong></span> <span class='ocrx_word' id='word_1_186' title='bbox 2378 2137 2571 2202; x_wconf 90' lang='lat' dir='ltr'><strong>dubie</strong></span> 
     </span>
     <span class='ocr_line' id='line_1_27' title="bbox 228 2226 2684 2314; baseline -0.002 -24"><span class='ocrx_word' id='word_1_187' title='bbox 228 2227 536 2313; x_wconf 81' lang='lat' dir='ltr'><strong>August-a</strong></span> <span class='ocrx_word' id='word_1_188' title='bbox 583 2227 838 2291; x_wconf 90' lang='lat' dir='ltr'><strong>monuit</strong></span> <span class='ocrx_word' id='word_1_189' title='bbox 884 2227 1321 2293; x_wconf 88' lang='lat' dir='ltr'><strong>aemulatione</strong></span> <span class='ocrx_word' id='word_1_190' title='bbox 1369 2226 1670 2292; x_wconf 89' lang='lat' dir='ltr'><strong>muliebri</strong></span> <span class='ocrx_word' id='word_1_191' title='bbox 1725 2226 2160 2314; x_wconf 85' lang='lat' dir='ltr'><strong>Agrippinam</strong></span> <span class='ocrx_word' id='word_1_192' title='bbox 2221 2227 2581 2292; x_wconf 88' lang='lat' dir='ltr'><strong>insectandi</strong></span> <span class='ocrx_word' id='word_1_193' title='bbox 2617 2237 2684 2286; x_wconf 84' lang='lat'><strong>20</strong></span> 
     </span>
    </p>
   </div>
   <div class='ocr_carea' id='block_1_10' title="bbox 217 2434 1355 3233">
    <p class='ocr_par' dir='ltr' id='par_1_11' title="bbox 217 2434 1355 3005">
     <span class='ocr_line' id='line_1_28' title="bbox 231 2434 1352 2507; baseline 0.002 -17"><span class='ocrx_word' id='word_1_194' title='bbox 231 2438 364 2491; x_wconf 89' lang='lat' dir='ltr'><strong>dem</strong></span> <span class='ocrx_word' id='word_1_195' title='bbox 410 2434 912 2507; x_wconf 80' lang='lat' dir='ltr'><strong>Amanusgebirge.</strong></span> <span class='ocrx_word' id='word_1_196' title='bbox 1000 2434 1198 2492; x_wconf 86' lang='lat' dir='ltr'><strong>Dieser</strong></span> <span class='ocrx_word' id='word_1_197' title='bbox 1247 2441 1352 2492; x_wconf 82' lang='lat' dir='ltr'><strong>An-</strong></span> 
     </span>
     <span class='ocr_line' id='line_1_29' title="bbox 225 2507 1353 2564; baseline 0.002 -3"><span class='ocrx_word' id='word_1_198' title='bbox 225 2508 454 2562; x_wconf 87' lang='lat' dir='ltr'><strong>tiochus</strong></span> <span class='ocrx_word' id='word_1_199' title='bbox 507 2507 586 2562; x_wconf 84' lang='lat' dir='ltr'><strong>ist</strong></span> <span class='ocrx_word' id='word_1_200' title='bbox 632 2508 760 2563; x_wconf 89' lang='lat' dir='ltr'><strong>dort</strong></span> <span class='ocrx_word' id='word_1_201' title='bbox 804 2509 903 2562; x_wconf 88' lang='lat' dir='ltr'><strong>der</strong></span> <span class='ocrx_word' id='word_1_202' title='bbox 949 2508 1121 2564; x_wconf 82' lang='lat' dir='ltr'><strong>dritte</strong></span> <span class='ocrx_word' id='word_1_203' title='bbox 1172 2507 1353 2563; x_wconf 85' lang='lat' dir='ltr'><strong>seines</strong></span> 
     </span>
     <span class='ocr_line' id='line_1_30' title="bbox 225 2577 1355 2646; baseline 0.001 -14"><span class='ocrx_word' id='word_1_204' title='bbox 225 2577 507 2646; x_wconf 75' lang='lat' dir='ltr'><strong>Namens3</strong></span> <span class='ocrx_word' id='word_1_205' title='bbox 556 2578 647 2633; x_wconf 92' lang='lat' dir='ltr'><strong>ein</strong></span> <span class='ocrx_word' id='word_1_206' title='bbox 690 2579 901 2634; x_wconf 85' lang='lat' dir='ltr'><strong>vierter</strong></span> <span class='ocrx_word' id='word_1_207' title='bbox 945 2578 1085 2633; x_wconf 83' lang='lat' dir='ltr'><strong>wird</strong></span> <span class='ocrx_word' id='word_1_208' title='bbox 1135 2579 1196 2633; x_wconf 84' lang='lat' dir='ltr'><strong>in</strong></span> <span class='ocrx_word' id='word_1_209' title='bbox 1245 2577 1355 2635; x_wconf 90' lang='lat' dir='ltr'><strong>den</strong></span> 
     </span>
     <span class='ocr_line' id='line_1_31' title="bbox 225 2648 1353 2705; baseline 0 -1"><span class='ocrx_word' id='word_1_210' title='bbox 225 2650 443 2704; x_wconf 82' lang='lat' dir='ltr'><strong>letzten</strong></span> <span class='ocrx_word' id='word_1_211' title='bbox 489 2650 749 2704; x_wconf 75' lang='lat' dir='ltr'><strong>Buchern</strong></span> <span class='ocrx_word' id='word_1_212' title='bbox 797 2650 897 2704; x_wconf 84' lang='lat' dir='ltr'><strong>der</strong></span> <span class='ocrx_word' id='word_1_213' title='bbox 931 2648 1188 2705; x_wconf 84' lang='lat' dir='ltr'><strong>Annalen</strong></span> <span class='ocrx_word' id='word_1_214' title='bbox 1238 2650 1353 2705; x_wconf 89' lang='lat' dir='ltr'><strong>und</strong></span> 
     </span>
     <span class='ocr_line' id='line_1_32' title="bbox 217 2720 1354 2777; baseline 0.004 -4"><span class='ocrx_word' id='word_1_215' title='bbox 217 2721 281 2775; x_wconf 92' lang='lat' dir='ltr'><strong>in</strong></span> <span class='ocrx_word' id='word_1_216' title='bbox 312 2720 421 2776; x_wconf 88' lang='lat' dir='ltr'><strong>den</strong></span> <span class='ocrx_word' id='word_1_217' title='bbox 450 2720 737 2776; x_wconf 81' lang='lat' dir='ltr'><strong>Historien</strong></span> <span class='ocrx_word' id='word_1_218' title='bbox 765 2722 1032 2776; x_wconf 67' lang='lat' dir='ltr'><strong>erwahnt.</strong></span> <span class='ocrx_word' id='word_1_219' title='bbox 1065 2752 1133 2762; x_wconf 96' lang='lat'>—</span> <span class='ocrx_word' id='word_1_220' title='bbox 1163 2722 1354 2777; x_wconf 91' lang='lat' dir='ltr'><strong>Philo-</strong></span> 
     </span>
     <span class='ocr_line' id='line_1_33' title="bbox 223 2790 1353 2862; baseline -0.001 -15"><span class='ocrx_word' id='word_1_221' title='bbox 223 2792 394 2862; x_wconf 82' lang='lat' dir='ltr'><strong>pator</strong></span> <span class='ocrx_word' id='word_1_222' title='bbox 430 2792 591 2846; x_wconf 85' lang='lat' dir='ltr'><strong>hatte</strong></span> <span class='ocrx_word' id='word_1_223' title='bbox 631 2810 735 2847; x_wconf 89' lang='lat' dir='ltr'><strong>nur</strong></span> <span class='ocrx_word' id='word_1_224' title='bbox 773 2790 827 2845; x_wconf 92' lang='lat' dir='ltr'><strong>ei</strong></span> <span class='ocrx_word' id='word_1_225' title='bbox 868 2808 938 2846; x_wconf 90' lang='lat' dir='ltr'><strong>en</strong></span> <span class='ocrx_word' id='word_1_226' title='bbox 974 2792 1201 2846; x_wconf 86' lang='lat' dir='ltr'><strong>kleinen</strong></span> <span class='ocrx_word' id='word_1_227' title='bbox 1229 2791 1353 2847; x_wconf 85' lang='lat' dir='ltr'><strong>Teil</strong></span> 
     </span>
     <span class='ocr_line' id='line_1_34' title="bbox 219 2861 1350 2918; baseline -0.001 0"><span class='ocrx_word' id='word_1_228' title='bbox 219 2878 339 2918; x_wconf 88' lang='lat' dir='ltr'><strong>von</strong></span> <span class='ocrx_word' id='word_1_229' title='bbox 384 2861 638 2917; x_wconf 86' lang='lat' dir='ltr'><strong>Cicilien.</strong></span> <span class='ocrx_word' id='word_1_230' title='bbox 687 2893 756 2903; x_wconf 91' lang='lat'><em>—</em></span> <span class='ocrx_word' id='word_1_231' title='bbox 855 2863 953 2917; x_wconf 86' lang='lat' dir='ltr'><strong>ber</strong></span> <span class='ocrx_word' id='word_1_232' title='bbox 998 2863 1106 2917; x_wconf 89' lang='lat' dir='ltr'><strong>den</strong></span> <span class='ocrx_word' id='word_1_233' title='bbox 1157 2862 1350 2918; x_wconf 83' lang='lat' dir='ltr'><strong>Plural</strong></span> 
     </span>
     <span class='ocr_line' id='line_1_35' title="bbox 220 2934 1248 3005; baseline 0 -16"><span class='ocrx_word' id='word_1_234' title='bbox 220 2934 447 3005; x_wconf 71' lang='lat' dir='ltr'><strong>reyibus</strong></span> <span class='ocrx_word' id='word_1_235' title='bbox 482 2934 758 3000; x_wconf 76' lang='lat' dir='ltr'><strong>defunctis</strong></span> <span class='ocrx_word' id='word_1_236' title='bbox 795 2951 839 2987; x_wconf 90' lang='lat' dir='ltr'><strong>s.</strong></span> <span class='ocrx_word' id='word_1_237' title='bbox 877 2952 944 2988; x_wconf 86' lang='lat' dir='ltr'><strong>zu</strong></span> <span class='ocrx_word' id='word_1_238' title='bbox 980 2941 1032 3002; x_wconf 87' lang='grc'><strong>3,</strong></span> <span class='ocrx_word' id='word_1_239' title='bbox 1073 2940 1161 3002; x_wconf 83' lang='grc'><strong>62,</strong></span> <span class='ocrx_word' id='word_1_240' title='bbox 1198 2941 1248 2989; x_wconf 92' lang='grc'><strong>2.</strong></span> 
     </span>
    </p>

    <p class='ocr_par' dir='ltr' id='par_1_12' title="bbox 222 3020 1352 3233">
     <span class='ocr_line' id='line_1_36' title="bbox 302 3020 1351 3091; baseline -0.002 -16"><span class='ocrx_word' id='word_1_241' title='bbox 302 3027 388 3076; x_wconf 90' lang='grc'><strong>22.</strong></span> <span class='ocrx_word' id='word_1_242' title='bbox 469 3020 667 3091; x_wconf 78' lang='lat' dir='ltr'><strong>Syrien</strong></span> <span class='ocrx_word' id='word_1_243' title='bbox 705 3039 822 3076; x_wconf 84' lang='lat' dir='ltr'><strong>war</strong></span> <span class='ocrx_word' id='word_1_244' title='bbox 869 3021 980 3076; x_wconf 90' lang='lat' dir='ltr'><strong>seit</strong></span> <span class='ocrx_word' id='word_1_245' title='bbox 1025 3028 1093 3077; x_wconf 85' lang='grc'><strong>63</strong></span> <span class='ocrx_word' id='word_1_246' title='bbox 1130 3041 1183 3078; x_wconf 91' lang='lat' dir='ltr'><strong>v.</strong></span> <span class='ocrx_word' id='word_1_247' title='bbox 1222 3023 1351 3078; x_wconf 88' lang='lat' dir='ltr'><strong>Chr.</strong></span> 
     </span>
     <span class='ocr_line' id='line_1_37' title="bbox 222 3092 1352 3161; baseline 0.002 -16"><span class='ocrx_word' id='word_1_248' title='bbox 222 3092 493 3160; x_wconf 84' lang='lat' dir='ltr'><strong>Provinz,</strong></span> <span class='ocrx_word' id='word_1_249' title='bbox 533 3092 714 3147; x_wconf 70' lang='lat' dir='ltr'><strong>Judaa</strong></span> <span class='ocrx_word' id='word_1_250' title='bbox 759 3093 1021 3161; x_wconf 63' lang='lat' dir='ltr'><strong>ganzlich</strong></span> <span class='ocrx_word' id='word_1_251' title='bbox 1058 3110 1171 3149; x_wconf 93' lang='lat' dir='ltr'><strong>von</strong></span> <span class='ocrx_word' id='word_1_252' title='bbox 1208 3093 1352 3148; x_wconf 87' lang='lat' dir='ltr'><strong>Rom</strong></span> 
     </span>
     <span class='ocr_line' id='line_1_38' title="bbox 226 3162 604 3233; baseline -0.003 -15"><span class='ocrx_word' id='word_1_253' title='bbox 226 3162 540 3233; x_wconf 57' lang='lat' dir='ltr'><strong>abhssngig.</strong></span> <span class='ocrx_word' id='word_1_254' title='bbox 597 3172 604 3178; x_wconf 83' lang='lat'><strong>‘</strong></span> 
     </span>
    </p>
   </div>
   <div class='ocr_carea' id='block_1_11' title="bbox 292 3251 959 3321">
    <p class='ocr_par' dir='ltr' id='par_1_13' title="bbox 292 3251 959 3321">
     <span class='ocr_line' id='line_1_39' title="bbox 292 3251 959 3321; baseline 0.001 -16"><span class='ocrx_word' id='word_1_255' title='bbox 292 3251 390 3306; x_wconf 77' lang='lat'><strong>43.</strong></span> <span class='ocrx_word' id='word_1_256' title='bbox 434 3259 482 3306; x_wconf 92' lang='lat'><strong>1.</strong></span> <span class='ocrx_word' id='word_1_257' title='bbox 556 3269 745 3321; x_wconf 75' lang='lat' dir='ltr'><strong>supra,</strong></span> <span class='ocrx_word' id='word_1_258' title='bbox 786 3267 870 3321; x_wconf 89' lang='lat' dir='ltr'><strong>cp.</strong></span> <span class='ocrx_word' id='word_1_259' title='bbox 909 3258 959 3306; x_wconf 85' lang='lat'><strong>3.</strong></span> 
     </span>
    </p>
   </div>
   <div class='ocr_carea' id='block_1_12' title="bbox 218 3329 1350 3899">
    <p class='ocr_par' dir='ltr' id='par_1_14' title="bbox 218 3329 1350 3899">
     <span class='ocr_line' id='line_1_40' title="bbox 295 3329 1350 3401; baseline 0 -17"><span class='ocrx_word' id='word_1_260' title='bbox 295 3338 347 3385; x_wconf 83' lang='lat'><strong>3.</strong></span> <span class='ocrx_word' id='word_1_261' title='bbox 424 3347 651 3401; x_wconf 72' lang='lat' dir='ltr'><strong>veryere,</strong></span> <span class='ocrx_word' id='word_1_262' title='bbox 690 3331 780 3385; x_wconf 87' lang='lat' dir='ltr'><strong>bei</strong></span> <span class='ocrx_word' id='word_1_263' title='bbox 809 3329 1132 3387; x_wconf 83' lang='lat' dir='ltr'><strong>Klassikern</strong></span> <span class='ocrx_word' id='word_1_264' title='bbox 1161 3347 1266 3385; x_wconf 89' lang='lat' dir='ltr'><strong>nur</strong></span> <span class='ocrx_word' id='word_1_265' title='bbox 1290 3330 1350 3384; x_wconf 90' lang='lat' dir='ltr'><strong>in</strong></span> 
     </span>
     <span class='ocr_line' id='line_1_41' title="bbox 218 3401 1350 3471; baseline -0.001 -15"><span class='ocrx_word' id='word_1_266' title='bbox 218 3401 594 3457; x_wconf 64' lang='lat' dir='ltr'><strong>raumliehem</strong></span> <span class='ocrx_word' id='word_1_267' title='bbox 641 3402 836 3471; x_wconf 88' lang='lat' dir='ltr'><strong>Sinne,</strong></span> <span class='ocrx_word' id='word_1_268' title='bbox 873 3401 1205 3457; x_wconf 86' lang='lat' dir='ltr'><strong>bezeichnet</strong></span> <span class='ocrx_word' id='word_1_269' title='bbox 1257 3401 1350 3456; x_wconf 89' lang='lat' dir='ltr'><strong>bei</strong></span> 
     </span>
     <span class='ocr_line' id='line_1_42' title="bbox 221 3473 1350 3543; baseline -0.002 -15"><span class='ocrx_word' id='word_1_270' title='bbox 221 3473 502 3543; x_wconf 65' lang='lat' dir='ltr'><strong>Spateren</strong></span> <span class='ocrx_word' id='word_1_271' title='bbox 565 3473 714 3528; x_wconf 74' lang='lat' dir='ltr'><strong>oster</strong></span> <span class='ocrx_word' id='word_1_272' title='bbox 765 3474 857 3528; x_wconf 88' lang='lat' dir='ltr'><strong>die</strong></span> <span class='ocrx_word' id='word_1_273' title='bbox 908 3474 1201 3528; x_wconf 84' lang='lat' dir='ltr'><strong>Abnahme</strong></span> <span class='ocrx_word' id='word_1_274' title='bbox 1252 3473 1350 3527; x_wconf 90' lang='lat' dir='ltr'><strong>der</strong></span> 
     </span>
     <span class='ocr_line' id='line_1_43' title="bbox 222 3544 1348 3614; baseline -0.001 -16"><span class='ocrx_word' id='word_1_275' title='bbox 222 3544 375 3599; x_wconf 82' lang='lat' dir='ltr'><strong>Zeit:</strong></span> <span class='ocrx_word' id='word_1_276' title='bbox 429 3550 489 3611; x_wconf 91' lang='lat'><strong>4,</strong></span> <span class='ocrx_word' id='word_1_277' title='bbox 531 3549 564 3597; x_wconf 90' lang='lat'>8</span> <span class='ocrx_word' id='word_1_278' title='bbox 608 3550 908 3614; x_wconf 74' lang='lat' dir='ltr'><strong>veryentem</strong></span> <span class='ocrx_word' id='word_1_279' title='bbox 944 3549 1188 3599; x_wconf 82' lang='lat' dir='ltr'><strong>aetatem.</strong></span> <span class='ocrx_word' id='word_1_280' title='bbox 1263 3548 1348 3610; x_wconf 89' lang='grc'><strong>12,</strong></span> 
     </span>
     <span class='ocr_line' id='line_1_44' title="bbox 222 3616 1348 3683; baseline -0.001 -14"><span class='ocrx_word' id='word_1_281' title='bbox 222 3621 296 3669; x_wconf 80' lang='lat'><strong>44</strong></span> <span class='ocrx_word' id='word_1_282' title='bbox 330 3616 678 3683; x_wconf 63' lang='lat' dir='ltr'><strong>vergentibus</strong></span> <span class='ocrx_word' id='word_1_283' title='bbox 707 3617 821 3670; x_wconf 80' lang='lat' dir='ltr'><strong>iam</strong></span> <span class='ocrx_word' id='word_1_284' title='bbox 858 3617 1029 3682; x_wconf 63' lang='lat' dir='ltr'><strong>annis</strong></span> <span class='ocrx_word' id='word_1_285' title='bbox 1059 3617 1193 3670; x_wconf 77' lang='lat' dir='ltr'><strong>suis.</strong></span> <span class='ocrx_word' id='word_1_286' title='bbox 1264 3620 1348 3680; x_wconf 82' lang='lat'><strong>13,</strong></span> 
     </span>
     <span class='ocr_line' id='line_1_45' title="bbox 222 3684 1346 3757; baseline -0.001 -16"><span class='ocrx_word' id='word_1_287' title='bbox 222 3690 294 3741; x_wconf 88' lang='grc'><strong>38</strong></span> <span class='ocrx_word' id='word_1_288' title='bbox 329 3691 579 3757; x_wconf 64' lang='lat' dir='ltr'><strong>vergente</strong></span> <span class='ocrx_word' id='word_1_289' title='bbox 615 3688 729 3740; x_wconf 85' lang='lat' dir='ltr'><strong>iam</strong></span> <span class='ocrx_word' id='word_1_290' title='bbox 765 3687 868 3741; x_wconf 81' lang='lat' dir='ltr'><strong>die.</strong></span> <span class='ocrx_word' id='word_1_291' title='bbox 935 3684 1087 3742; x_wconf 88' lang='lat' dir='ltr'><strong>Curt.</strong></span> <span class='ocrx_word' id='word_1_292' title='bbox 1119 3691 1169 3752; x_wconf 89' lang='lat'><strong>4,</strong></span> <span class='ocrx_word' id='word_1_293' title='bbox 1202 3691 1250 3754; x_wconf 78' lang='lat'><strong>⁷,</strong></span> <span class='ocrx_word' id='word_1_294' title='bbox 1279 3691 1346 3740; x_wconf 88' lang='grc'><strong>22</strong></span> 
     </span>
     <span class='ocr_line' id='line_1_46' title="bbox 220 3757 1348 3827; baseline -0.002 -16"><span class='ocrx_word' id='word_1_295' title='bbox 220 3774 338 3812; x_wconf 74' lang='lat' dir='ltr'><strong>nox</strong></span> <span class='ocrx_word' id='word_1_296' title='bbox 373 3758 549 3827; x_wconf 65' lang='lat' dir='ltr'><strong>vergit</strong></span> <span class='ocrx_word' id='word_1_297' title='bbox 576 3759 652 3811; x_wconf 82' lang='lat' dir='ltr'><strong>ad</strong></span> <span class='ocrx_word' id='word_1_298' title='bbox 679 3759 865 3812; x_wconf 80' lang='lat' dir='ltr'><strong>lucem.</strong></span> <span class='ocrx_word' id='word_1_299' title='bbox 934 3758 1060 3812; x_wconf 90' lang='lat' dir='ltr'><strong>Sen.</strong></span> <span class='ocrx_word' id='word_1_300' title='bbox 1094 3757 1254 3812; x_wconf 89' lang='lat' dir='ltr'><strong>clem.</strong></span> <span class='ocrx_word' id='word_1_301' title='bbox 1299 3762 1348 3824; x_wconf 88' lang='lat'><strong>1,</strong></span> 
     </span>
     <span class='ocr_line' id='line_1_47' title="bbox 225 3829 1348 3899; baseline 0.001 -17"><span class='ocrx_word' id='word_1_302' title='bbox 225 3834 289 3882; x_wconf 92' lang='lat'><strong>11</strong></span> <span class='ocrx_word' id='word_1_303' title='bbox 304 3870 320 3899; x_wconf 89' lang='lat'><strong>,</strong></span> <span class='ocrx_word' id='word_1_304' title='bbox 361 3834 390 3882; x_wconf 94' lang='lat'>1</span> <span class='ocrx_word' id='word_1_305' title='bbox 441 3830 507 3883; x_wconf 75' lang='lat' dir='ltr'><strong>in</strong></span> <span class='ocrx_word' id='word_1_306' title='bbox 550 3833 871 3883; x_wconf 74' lang='lat' dir='ltr'><strong>senectutem</strong></span> <span class='ocrx_word' id='word_1_307' title='bbox 918 3829 1086 3883; x_wconf 74' lang='lat' dir='ltr'><strong>annis</strong></span> <span class='ocrx_word' id='word_1_308' title='bbox 1131 3844 1348 3898; x_wconf 68' lang='lat' dir='ltr'><strong>vemen-</strong></span> 
     </span>
    </p>
   </div>
   <div class='ocr_carea' id='block_1_13' title="bbox 219 3900 1354 4351">
    <p class='ocr_par' dir='ltr' id='par_1_15' title="bbox 219 3900 1354 4175">
     <span class='ocr_line' id='line_1_48' title="bbox 223 3900 1353 4046; baseline 0 -14"><span class='ocrx_word' id='word_1_309' title='bbox 223 3900 391 4033; x_wconf 51' lang='lat' dir='ltr'><strong>&amp;bg-⁹·</strong></span> <span class='ocrx_word' id='word_1_310' title='bbox 412 3983 570 4046; x_wconf 76' lang='lat' dir='ltr'><strong>sorte,</strong></span> <span class='ocrx_word' id='word_1_311' title='bbox 609 3977 859 4033; x_wconf 62' lang='lat' dir='ltr'><strong>namlich</strong></span> <span class='ocrx_word' id='word_1_312' title='bbox 880 3977 970 4032; x_wconf 88' lang='lat' dir='ltr'><strong>die</strong></span> <span class='ocrx_word' id='word_1_313' title='bbox 998 3977 1353 4034; x_wconf 85' lang='lat' dir='ltr'><strong>Prokonsuln</strong></span> 
     </span>
     <span class='ocr_line' id='line_1_49' title="bbox 219 4047 1354 4175; baseline -0.001 -71"><span class='ocrx_word' id='word_1_314' title='bbox 219 4047 281 4172; x_wconf 69' lang='lat' dir='ltr'><strong>iln</strong></span> <span class='ocrx_word' id='word_1_315' title='bbox 317 4048 448 4175; x_wconf 44' lang='lat' dir='ltr'><strong>&#39;lien</strong></span> <span class='ocrx_word' id='word_1_316' title='bbox 496 4048 1021 4119; x_wconf 84' lang='lat' dir='ltr'><strong>Senatsprovinzen.</strong></span> <span class='ocrx_word' id='word_1_317' title='bbox 1106 4049 1235 4120; x_wconf 80' lang='lat' dir='ltr'><strong>Vgl.</strong></span> <span class='ocrx_word' id='word_1_318' title='bbox 1286 4068 1354 4104; x_wconf 85' lang='lat' dir='ltr'><strong>zu</strong></span> 
     </span>
    </p>

    <p class='ocr_par' dir='ltr' id='par_1_16' title="bbox 226 4162 1351 4351">
     <span class='ocr_line' id='line_1_50' title="bbox 262 4162 1349 4265; baseline 0 -1"><span class='ocrx_word' id='word_1_319' title='bbox 262 4163 347 4264; x_wconf 61' lang='lat'><strong>&#39;8.</strong></span> <span class='ocrx_word' id='word_1_320' title='bbox 389 4162 658 4265; x_wconf 44' lang='lat' dir='ltr'><strong>‘Silanus</strong></span> <span class='ocrx_word' id='word_1_321' title='bbox 706 4226 825 4265; x_wconf 83' lang='lat' dir='ltr'><strong>war</strong></span> <span class='ocrx_word' id='word_1_322' title='bbox 868 4208 976 4263; x_wconf 87' lang='lat' dir='ltr'><strong>seit</strong></span> <span class='ocrx_word' id='word_1_323' title='bbox 1024 4211 1088 4262; x_wconf 86' lang='lat'><strong>11</strong></span> <span class='ocrx_word' id='word_1_324' title='bbox 1128 4225 1183 4265; x_wconf 87' lang='lat' dir='ltr'><strong>n.</strong></span> <span class='ocrx_word' id='word_1_325' title='bbox 1223 4207 1349 4264; x_wconf 86' lang='lat' dir='ltr'><strong>Chr.</strong></span> 
     </span>
     <span class='ocr_line' id='line_1_51' title="bbox 226 4278 1351 4351; baseline 0.002 -17"><span class='ocrx_word' id='word_1_326' title='bbox 226 4279 569 4336; x_wconf 83' lang='lat' dir='ltr'><strong>Statthalter</strong></span> <span class='ocrx_word' id='word_1_327' title='bbox 595 4297 708 4336; x_wconf 88' lang='lat' dir='ltr'><strong>von</strong></span> <span class='ocrx_word' id='word_1_328' title='bbox 736 4278 951 4351; x_wconf 82' lang='lat' dir='ltr'><strong>Syrien.</strong></span> <span class='ocrx_word' id='word_1_329' title='bbox 972 4312 1037 4322; x_wconf 89' lang='lat'>-</span> <span class='ocrx_word' id='word_1_330' title='bbox 1058 4280 1195 4348; x_wconf 73' lang='lat' dir='ltr'><strong>filia.</strong></span> <span class='ocrx_word' id='word_1_331' title='bbox 1261 4280 1351 4336; x_wconf 92' lang='lat' dir='ltr'><strong>In-</strong></span> 
     </span>
    </p>
   </div>
   <div class='ocr_carea' id='block_1_14' title="bbox 1452 2434 2581 4349">
    <p class='ocr_par' dir='ltr' id='par_1_17' title="bbox 1461 2434 2580 2575">
     <span class='ocr_line' id='line_1_52' title="bbox 1463 2434 2580 2505; baseline 0 -14"><span class='ocrx_word' id='word_1_332' title='bbox 1463 2436 1583 2491; x_wconf 83' lang='lat' dir='ltr'><strong>dess</strong></span> <span class='ocrx_word' id='word_1_333' title='bbox 1619 2437 1774 2491; x_wconf 83' lang='lat' dir='ltr'><strong>ward</strong></span> <span class='ocrx_word' id='word_1_334' title='bbox 1805 2437 1956 2492; x_wconf 80' lang='lat' dir='ltr'><strong>Nero</strong></span> <span class='ocrx_word' id='word_1_335' title='bbox 1996 2436 2073 2490; x_wconf 91' lang='lat' dir='ltr'><strong>im</strong></span> <span class='ocrx_word' id='word_1_336' title='bbox 2103 2437 2153 2492; x_wconf 91' lang='lat' dir='ltr'><strong>J.</strong></span> <span class='ocrx_word' id='word_1_337' title='bbox 2183 2442 2252 2491; x_wconf 93' lang='grc'><strong>20</strong></span> <span class='ocrx_word' id='word_1_338' title='bbox 2279 2434 2387 2490; x_wconf 91' lang='lat' dir='ltr'><strong>mit</strong></span> <span class='ocrx_word' id='word_1_339' title='bbox 2411 2435 2580 2505; x_wconf 83' lang='lat' dir='ltr'><strong>Julia,</strong></span> 
     </span>
     <span class='ocr_line' id='line_1_53' title="bbox 1461 2506 2438 2575; baseline -0.003 -13"><span class='ocrx_word' id='word_1_340' title='bbox 1461 2508 1708 2568; x_wconf 81' lang='lat' dir='ltr'><strong>Tochter</strong></span> <span class='ocrx_word' id='word_1_341' title='bbox 1743 2508 1841 2562; x_wconf 85' lang='lat' dir='ltr'><strong>des</strong></span> <span class='ocrx_word' id='word_1_342' title='bbox 1878 2507 2106 2575; x_wconf 88' lang='lat' dir='ltr'><strong>Drusus,</strong></span> <span class='ocrx_word' id='word_1_343' title='bbox 2145 2506 2438 2561; x_wconf 68' lang='lat' dir='ltr'><strong>vermahlt.</strong></span> 
     </span>
    </p>

    <p class='ocr_par' dir='ltr' id='par_1_18' title="bbox 1534 2578 2496 2648">
     <span class='ocr_line' id='line_1_54' title="bbox 1534 2578 2496 2648; baseline 0.002 -17"><span class='ocrx_word' id='word_1_344' title='bbox 1534 2584 1619 2635; x_wconf 93' lang='grc'><strong>11.</strong></span> <span class='ocrx_word' id='word_1_345' title='bbox 1691 2584 2046 2648; x_wconf 67' lang='lat' dir='ltr'><strong>resumentes,</strong></span> <span class='ocrx_word' id='word_1_346' title='bbox 2083 2579 2162 2633; x_wconf 90' lang='lat' dir='ltr'><strong>im</strong></span> <span class='ocrx_word' id='word_1_347' title='bbox 2198 2578 2371 2632; x_wconf 86' lang='lat' dir='ltr'><strong>Jahre</strong></span> <span class='ocrx_word' id='word_1_348' title='bbox 2409 2583 2496 2633; x_wconf 83' lang='lat'><strong>4⁷.</strong></span> 
     </span>
    </p>

    <p class='ocr_par' dir='ltr' id='par_1_19' title="bbox 1458 2649 2579 2989">
     <span class='ocr_line' id='line_1_55' title="bbox 1534 2649 2579 2718; baseline -0.001 -15"><span class='ocrx_word' id='word_1_349' title='bbox 1534 2655 1617 2706; x_wconf 86' lang='grc'><strong>13.</strong></span> <span class='ocrx_word' id='word_1_350' title='bbox 1706 2651 1914 2705; x_wconf 78' lang='lat' dir='ltr'><strong>ambire</strong></span> <span class='ocrx_word' id='word_1_351' title='bbox 1977 2652 2117 2705; x_wconf 78' lang='lat' dir='ltr'><strong>statt</strong></span> <span class='ocrx_word' id='word_1_352' title='bbox 2175 2666 2371 2718; x_wconf 76' lang='lat' dir='ltr'><strong>royarc</strong></span> <span class='ocrx_word' id='word_1_353' title='bbox 2435 2649 2579 2704; x_wconf 82' lang='lat' dir='ltr'><strong>auch</strong></span> 
     </span>
     <span class='ocr_line' id='line_1_56' title="bbox 1458 2717 2574 2787; baseline -0.002 -12"><span class='ocrx_word' id='word_1_354' title='bbox 1458 2720 1590 2776; x_wconf 81' lang='lat' dir='ltr'><strong>hist.</strong></span> <span class='ocrx_word' id='word_1_355' title='bbox 1621 2727 1672 2787; x_wconf 89' lang='grc'><strong>3,</strong></span> <span class='ocrx_word' id='word_1_356' title='bbox 1702 2727 1771 2775; x_wconf 89' lang='grc'><strong>30</strong></span> <span class='ocrx_word' id='word_1_357' title='bbox 1799 2738 1836 2775; x_wconf 90' lang='lat' dir='ltr'><strong>a</strong></span> <span class='ocrx_word' id='word_1_358' title='bbox 1865 2720 2100 2775; x_wconf 76' lang='lat' dir='ltr'><strong>Caecina</strong></span> <span class='ocrx_word' id='word_1_359' title='bbox 2138 2722 2389 2776; x_wconf 77' lang='lat' dir='ltr'><strong>ambitus.</strong></span> <span class='ocrx_word' id='word_1_360' title='bbox 2463 2717 2574 2774; x_wconf 86' lang='lat' dir='ltr'><strong>Cic.</strong></span> 
     </span>
     <span class='ocr_line' id='line_1_57' title="bbox 1460 2790 2576 2861; baseline 0.001 -16"><span class='ocrx_word' id='word_1_361' title='bbox 1460 2809 1514 2861; x_wconf 88' lang='lat' dir='ltr'><strong>p.</strong></span> <span class='ocrx_word' id='word_1_362' title='bbox 1552 2790 1742 2846; x_wconf 85' lang='lat' dir='ltr'><strong>Plane.</strong></span> <span class='ocrx_word' id='word_1_363' title='bbox 1780 2798 1832 2856; x_wconf 88' lang='lat'><strong>4,</strong></span> <span class='ocrx_word' id='word_1_364' title='bbox 1872 2797 1904 2847; x_wconf 85' lang='lat'>9</span> <span class='ocrx_word' id='word_1_365' title='bbox 1942 2809 1979 2845; x_wconf 85' lang='lat' dir='ltr'><strong>a</strong></span> <span class='ocrx_word' id='word_1_366' title='bbox 2014 2792 2212 2861; x_wconf 76' lang='lat' dir='ltr'><strong>quibus</strong></span> <span class='ocrx_word' id='word_1_367' title='bbox 2238 2797 2315 2846; x_wconf 75' lang='lat' dir='ltr'><strong>est</strong></span> <span class='ocrx_word' id='word_1_368' title='bbox 2340 2793 2576 2847; x_wconf 75' lang='lat' dir='ltr'><strong>maxime</strong></span> 
     </span>
     <span class='ocr_line' id='line_1_58' title="bbox 1458 2861 2576 2918; baseline -0.001 -1"><span class='ocrx_word' id='word_1_369' title='bbox 1458 2862 1709 2917; x_wconf 68' lang='lat' dir='ltr'><strong>ambitae.</strong></span> <span class='ocrx_word' id='word_1_370' title='bbox 1810 2861 1972 2917; x_wconf 88' lang='lat' dir='ltr'><strong>Auch</strong></span> <span class='ocrx_word' id='word_1_371' title='bbox 2035 2862 2129 2918; x_wconf 92' lang='lat' dir='ltr'><strong>bei</strong></span> <span class='ocrx_word' id='word_1_372' title='bbox 2181 2863 2392 2918; x_wconf 86' lang='lat' dir='ltr'><strong>Terenz</strong></span> <span class='ocrx_word' id='word_1_373' title='bbox 2461 2862 2576 2916; x_wconf 86' lang='lat' dir='ltr'><strong>und</strong></span> 
     </span>
     <span class='ocr_line' id='line_1_59' title="bbox 1460 2932 1686 2989; baseline 0.009 -2"><span class='ocrx_word' id='word_1_374' title='bbox 1460 2932 1686 2989; x_wconf 78' lang='lat' dir='ltr'><strong>Sallust.</strong></span> 
     </span>
    </p>

    <p class='ocr_par' dir='ltr' id='par_1_20' title="bbox 1532 3002 2492 3073">
     <span class='ocr_line' id='line_1_60' title="bbox 1532 3002 2492 3073; baseline -0.001 -16"><span class='ocrx_word' id='word_1_375' title='bbox 1532 3009 1600 3057; x_wconf 88' lang='lat'><strong>14</strong></span> <span class='ocrx_word' id='word_1_376' title='bbox 1688 3005 2052 3073; x_wconf 73' lang='lat' dir='ltr'><strong>consulatum,</strong></span> <span class='ocrx_word' id='word_1_377' title='bbox 2085 3004 2162 3058; x_wconf 87' lang='lat' dir='ltr'><strong>im</strong></span> <span class='ocrx_word' id='word_1_378' title='bbox 2200 3002 2370 3058; x_wconf 85' lang='lat' dir='ltr'><strong>Jahre</strong></span> <span class='ocrx_word' id='word_1_379' title='bbox 2407 3009 2492 3057; x_wconf 90' lang='grc'><strong>23.</strong></span> 
     </span>
    </p>

    <p class='ocr_par' dir='ltr' id='par_1_21' title="bbox 1457 3074 2581 3413">
     <span class='ocr_line' id='line_1_61' title="bbox 1534 3074 2573 3143; baseline -0.001 -15"><span class='ocrx_word' id='word_1_380' title='bbox 1534 3079 1617 3130; x_wconf 81' lang='lat'><strong>15.</strong></span> <span class='ocrx_word' id='word_1_381' title='bbox 1653 3074 1948 3130; x_wconf 80' lang='lat' dir='ltr'><strong>Plancinae</strong></span> <span class='ocrx_word' id='word_1_382' title='bbox 1974 3076 2164 3143; x_wconf 87' lang='lat' dir='ltr'><strong>Vater,</strong></span> <span class='ocrx_word' id='word_1_383' title='bbox 2194 3074 2254 3129; x_wconf 92' lang='lat' dir='ltr'><strong>L.</strong></span> <span class='ocrx_word' id='word_1_384' title='bbox 2283 3074 2573 3129; x_wconf 83' lang='lat' dir='ltr'><strong>Munatius</strong></span> 
     </span>
     <span class='ocr_line' id='line_1_62' title="bbox 1458 3143 2572 3213; baseline 0.001 -15"><span class='ocrx_word' id='word_1_385' title='bbox 1458 3145 1714 3213; x_wconf 86' lang='lat' dir='ltr'><strong>Plancus,</strong></span> <span class='ocrx_word' id='word_1_386' title='bbox 1743 3145 1829 3201; x_wconf 87' lang='lat' dir='ltr'><strong>als</strong></span> <span class='ocrx_word' id='word_1_387' title='bbox 1855 3146 2080 3201; x_wconf 84' lang='lat' dir='ltr'><strong>Redner</strong></span> <span class='ocrx_word' id='word_1_388' title='bbox 2115 3143 2380 3212; x_wconf 82' lang='lat' dir='ltr'><strong>bekannt,</strong></span> <span class='ocrx_word' id='word_1_389' title='bbox 2410 3146 2572 3200; x_wconf 84' lang='lat' dir='ltr'><strong>hatte</strong></span> 
     </span>
     <span class='ocr_line' id='line_1_63' title="bbox 1458 3216 2581 3272; baseline 0 -2"><span class='ocrx_word' id='word_1_390' title='bbox 1458 3216 1597 3272; x_wconf 75' lang='lat' dir='ltr'><strong>fiber</strong></span> <span class='ocrx_word' id='word_1_391' title='bbox 1641 3218 1731 3272; x_wconf 90' lang='lat' dir='ltr'><strong>die</strong></span> <span class='ocrx_word' id='word_1_392' title='bbox 1776 3217 1974 3272; x_wconf 60' lang='lat' dir='ltr'><strong>Ratier</strong></span> <span class='ocrx_word' id='word_1_393' title='bbox 2029 3217 2200 3272; x_wconf 85' lang='lat' dir='ltr'><strong>trium</strong></span> <span class='ocrx_word' id='word_1_394' title='bbox 2242 3218 2405 3271; x_wconf 81' lang='lat' dir='ltr'><strong>biert.</strong></span> <span class='ocrx_word' id='word_1_395' title='bbox 2486 3217 2581 3271; x_wconf 85' lang='lat' dir='ltr'><strong>Ihr</strong></span> 
     </span>
     <span class='ocr_line' id='line_1_64' title="bbox 1460 3286 2150 3356; baseline 0.001 -15"><span class='ocrx_word' id='word_1_396' title='bbox 1460 3286 1675 3343; x_wconf 88' lang='lat' dir='ltr'><strong>Bruder</strong></span> <span class='ocrx_word' id='word_1_397' title='bbox 1701 3288 1841 3343; x_wconf 84' lang='lat' dir='ltr'><strong>wird</strong></span> <span class='ocrx_word' id='word_1_398' title='bbox 1880 3294 1929 3356; x_wconf 91' lang='lat'><strong>1,</strong></span> <span class='ocrx_word' id='word_1_399' title='bbox 1958 3294 2026 3343; x_wconf 82' lang='lat'><strong>39</strong></span> <span class='ocrx_word' id='word_1_400' title='bbox 2064 3288 2150 3342; x_wconf 83' lang='lat' dir='ltr'><strong>als</strong></span> 
     </span>
     <span class='ocr_line' id='line_1_65' title="bbox 1457 3359 1664 3413; baseline 0.01 -2"><span class='ocrx_word' id='word_1_401' title='bbox 1457 3359 1664 3413; x_wconf 65' lang='lat' dir='ltr'><strong>wahnt.</strong></span> 
     </span>
    </p>

    <p class='ocr_par' dir='ltr' id='par_1_22' title="bbox 1452 3429 2579 4068">
     <span class='ocr_line' id='line_1_66' title="bbox 1532 3429 2579 3500; baseline 0.001 -17"><span class='ocrx_word' id='word_1_402' title='bbox 1532 3435 1615 3484; x_wconf 82' lang='lat'><strong>1⁷.</strong></span> <span class='ocrx_word' id='word_1_403' title='bbox 1652 3430 1810 3496; x_wconf 78' lang='lat' dir='ltr'><strong>infra</strong></span> <span class='ocrx_word' id='word_1_404' title='bbox 1837 3430 1921 3484; x_wconf 88' lang='lat' dir='ltr'><strong>als</strong></span> <span class='ocrx_word' id='word_1_405' title='bbox 1935 3429 2162 3484; x_wconf 86' lang='lat' dir='ltr'><strong>Adverb</strong></span> <span class='ocrx_word' id='word_1_406' title='bbox 2180 3431 2240 3484; x_wconf 89' lang='lat' dir='ltr'><strong>in</strong></span> <span class='ocrx_word' id='word_1_407' title='bbox 2263 3429 2579 3500; x_wconf 80' lang='lat' dir='ltr'><strong>tropischer</strong></span> 
     </span>
     <span class='ocr_line' id='line_1_67' title="bbox 1458 3499 2577 3568; baseline 0.001 -15"><span class='ocrx_word' id='word_1_408' title='bbox 1458 3499 1811 3568; x_wconf 76' lang='lat' dir='ltr'><strong>Bedeutung;</strong></span> <span class='ocrx_word' id='word_1_409' title='bbox 1861 3517 1923 3555; x_wconf 92' lang='lat' dir='ltr'><strong>so</strong></span> <span class='ocrx_word' id='word_1_410' title='bbox 1966 3518 2073 3555; x_wconf 88' lang='lat' dir='ltr'><strong>nur</strong></span> <span class='ocrx_word' id='word_1_411' title='bbox 2116 3499 2265 3555; x_wconf 91' lang='lat' dir='ltr'><strong>noch</strong></span> <span class='ocrx_word' id='word_1_412' title='bbox 2309 3500 2403 3555; x_wconf 89' lang='lat' dir='ltr'><strong>bei</strong></span> <span class='ocrx_word' id='word_1_413' title='bbox 2448 3501 2577 3556; x_wconf 87' lang='lat' dir='ltr'><strong>dem</strong></span> 
     </span>
     <span class='ocr_line' id='line_1_68' title="bbox 1456 3571 2577 3641; baseline 0.001 -16"><span class='ocrx_word' id='word_1_414' title='bbox 1456 3571 1672 3626; x_wconf 74' lang='lat' dir='ltr'><strong>alteren</strong></span> <span class='ocrx_word' id='word_1_415' title='bbox 1712 3571 1941 3626; x_wconf 89' lang='lat' dir='ltr'><strong>Plinius.</strong></span> <span class='ocrx_word' id='word_1_416' title='bbox 1989 3603 2057 3612; x_wconf 92' lang='lat'>—</span> <span class='ocrx_word' id='word_1_417' title='bbox 2103 3573 2434 3641; x_wconf 74' lang='lat' dir='ltr'><strong>despectare,</strong></span> <span class='ocrx_word' id='word_1_418' title='bbox 2475 3571 2577 3626; x_wconf 85' lang='lat' dir='ltr'><strong>wie</strong></span> 
     </span>
     <span class='ocr_line' id='line_1_69' title="bbox 1456 3641 2576 3713; baseline 0.002 -18"><span class='ocrx_word' id='word_1_419' title='bbox 1456 3641 1585 3698; x_wconf 85' lang='lat' dir='ltr'><strong>hist.</strong></span> <span class='ocrx_word' id='word_1_420' title='bbox 1617 3648 1668 3708; x_wconf 82' lang='lat'><strong>2,</strong></span> <span class='ocrx_word' id='word_1_421' title='bbox 1697 3648 1766 3697; x_wconf 88' lang='lat'><strong>30</strong></span> <span class='ocrx_word' id='word_1_422' title='bbox 1801 3659 1870 3698; x_wconf 74' lang='lat' dir='ltr'><strong>m</strong></span> <span class='ocrx_word' id='word_1_423' title='bbox 1905 3649 1970 3698; x_wconf 84' lang='lat' dir='ltr'><strong>ut</strong></span> <span class='ocrx_word' id='word_1_424' title='bbox 2007 3644 2141 3698; x_wconf 79' lang='lat' dir='ltr'><strong>victi</strong></span> <span class='ocrx_word' id='word_1_425' title='bbox 2176 3649 2226 3698; x_wconf 86' lang='lat' dir='ltr'><strong>et</strong></span> <span class='ocrx_word' id='word_1_426' title='bbox 2260 3644 2454 3713; x_wconf 76' lang='lat' dir='ltr'><strong>iynavi</strong></span> <span class='ocrx_word' id='word_1_427' title='bbox 2490 3644 2576 3697; x_wconf 83' lang='lat' dir='ltr'><strong>de-</strong></span> 
     </span>
     <span class='ocr_line' id='line_1_70' title="bbox 1455 3714 2568 3782; baseline -0.002 -14"><span class='ocrx_word' id='word_1_428' title='bbox 1455 3719 1853 3782; x_wconf 59' lang='lat' dir='ltr'><strong>spectam-cutum</strong></span> <span class='ocrx_word' id='word_1_429' title='bbox 1892 3717 2048 3770; x_wconf 86' lang='lat' dir='ltr'><strong>sonst</strong></span> <span class='ocrx_word' id='word_1_430' title='bbox 2076 3714 2415 3770; x_wconf 84' lang='lat' dir='ltr'><strong>dichterisch</strong></span> <span class='ocrx_word' id='word_1_431' title='bbox 2452 3714 2568 3767; x_wconf 87' lang='lat' dir='ltr'><strong>und</strong></span> 
     </span>
     <span class='ocr_line' id='line_1_71' title="bbox 1454 3784 2571 3856; baseline -0.001 -17"><span class='ocrx_word' id='word_1_432' title='bbox 1454 3784 1899 3842; x_wconf 86' lang='lat' dir='ltr'><strong>nachklassisch.</strong></span> <span class='ocrx_word' id='word_1_433' title='bbox 1990 3786 2191 3841; x_wconf 87' lang='lat' dir='ltr'><strong>Solche</strong></span> <span class='ocrx_word' id='word_1_434' title='bbox 2236 3786 2571 3856; x_wconf 80' lang='lat' dir='ltr'><strong>Frequenta-</strong></span> 
     </span>
     <span class='ocr_line' id='line_1_72' title="bbox 1452 3854 2573 3923; baseline 0.001 -14"><span class='ocrx_word' id='word_1_435' title='bbox 1452 3855 1576 3911; x_wconf 87' lang='lat' dir='ltr'><strong>tiva</strong></span> <span class='ocrx_word' id='word_1_436' title='bbox 1620 3854 1747 3910; x_wconf 85' lang='lat' dir='ltr'><strong>sind</strong></span> <span class='ocrx_word' id='word_1_437' title='bbox 1791 3856 1885 3911; x_wconf 93' lang='lat' dir='ltr'><strong>bei</strong></span> <span class='ocrx_word' id='word_1_438' title='bbox 1931 3856 2186 3912; x_wconf 63' lang='lat' dir='ltr'><strong>Tacitum</strong></span> <span class='ocrx_word' id='word_1_439' title='bbox 2251 3863 2573 3923; x_wconf 79' lang='lat' dir='ltr'><strong>convectare,</strong></span> 
     </span>
     <span class='ocr_line' id='line_1_73' title="bbox 1460 3928 2574 3996; baseline 0 -15"><span class='ocrx_word' id='word_1_440' title='bbox 1460 3928 1785 3994; x_wconf 74' lang='lat' dir='ltr'><strong>subvectare,</strong></span> <span class='ocrx_word' id='word_1_441' title='bbox 1820 3934 2111 3996; x_wconf 77' lang='lat' dir='ltr'><strong>receptare,</strong></span> <span class='ocrx_word' id='word_1_442' title='bbox 2150 3945 2447 3994; x_wconf 78' lang='lat' dir='ltr'><strong>recursare,</strong></span> <span class='ocrx_word' id='word_1_443' title='bbox 2483 3944 2574 3981; x_wconf 79' lang='lat' dir='ltr'><strong>su-</strong></span> 
     </span>
     <span class='ocr_line' id='line_1_74' title="bbox 1460 4000 2475 4068; baseline 0.001 -18"><span class='ocrx_word' id='word_1_444' title='bbox 1460 4004 1717 4067; x_wconf 65' lang='lat' dir='ltr'><strong>spectam,</strong></span> <span class='ocrx_word' id='word_1_445' title='bbox 1754 4000 2091 4068; x_wconf 78' lang='lat' dir='ltr'><strong>appellitare,</strong></span> <span class='ocrx_word' id='word_1_446' title='bbox 2129 4000 2475 4067; x_wconf 69' lang='lat' dir='ltr'><strong>redemptam.</strong></span> 
     </span>
    </p>

    <p class='ocr_par' dir='ltr' id='par_1_23' title="bbox 1457 4067 2579 4349">
     <span class='ocr_line' id='line_1_75' title="bbox 1533 4067 2572 4124; baseline -0.003 0"><span class='ocrx_word' id='word_1_447' title='bbox 1533 4074 1617 4124; x_wconf 81' lang='lat'><strong>20.</strong></span> <span class='ocrx_word' id='word_1_448' title='bbox 1681 4085 1894 4123; x_wconf 75' lang='lat' dir='ltr'><strong>monere</strong></span> <span class='ocrx_word' id='word_1_449' title='bbox 1918 4068 2027 4124; x_wconf 90' lang='lat' dir='ltr'><strong>mit</strong></span> <span class='ocrx_word' id='word_1_450' title='bbox 2054 4070 2181 4123; x_wconf 89' lang='lat' dir='ltr'><strong>dem</strong></span> <span class='ocrx_word' id='word_1_451' title='bbox 2210 4067 2445 4123; x_wconf 83' lang='lat' dir='ltr'><strong>Genetiv</strong></span> <span class='ocrx_word' id='word_1_452' title='bbox 2473 4068 2572 4122; x_wconf 86' lang='lat' dir='ltr'><strong>des</strong></span> 
     </span>
     <span class='ocr_line' id='line_1_76' title="bbox 1461 4137 2573 4194; baseline 0 -1"><span class='ocrx_word' id='word_1_453' title='bbox 1461 4137 1834 4194; x_wconf 82' lang='lat' dir='ltr'><strong>Gerundiums</strong></span> <span class='ocrx_word' id='word_1_454' title='bbox 1862 4156 1966 4193; x_wconf 88' lang='lat' dir='ltr'><strong>nur</strong></span> <span class='ocrx_word' id='word_1_455' title='bbox 2002 4140 2147 4194; x_wconf 90' lang='lat' dir='ltr'><strong>noch</strong></span> <span class='ocrx_word' id='word_1_456' title='bbox 2178 4137 2273 4192; x_wconf 88' lang='lat' dir='ltr'><strong>bei</strong></span> <span class='ocrx_word' id='word_1_457' title='bbox 2300 4139 2488 4194; x_wconf 81' lang='lat' dir='ltr'><strong>Donat</strong></span> <span class='ocrx_word' id='word_1_458' title='bbox 2512 4140 2573 4193; x_wconf 93' lang='lat' dir='ltr'><strong>in</strong></span> 
     </span>
     <span class='ocr_line' id='line_1_77' title="bbox 1457 4208 2579 4265; baseline 0 0"><span class='ocrx_word' id='word_1_459' title='bbox 1457 4210 1561 4265; x_wconf 87' lang='lat' dir='ltr'><strong>der</strong></span> <span class='ocrx_word' id='word_1_460' title='bbox 1587 4209 1830 4264; x_wconf 89' lang='lat' dir='ltr'><strong>Vorrede</strong></span> <span class='ocrx_word' id='word_1_461' title='bbox 1871 4226 1939 4263; x_wconf 83' lang='lat' dir='ltr'><strong>zu</strong></span> <span class='ocrx_word' id='word_1_462' title='bbox 1978 4209 2101 4265; x_wconf 87' lang='lat' dir='ltr'><strong>Ter.</strong></span> <span class='ocrx_word' id='word_1_463' title='bbox 2131 4208 2235 4262; x_wconf 86' lang='lat' dir='ltr'><strong>Ad.</strong></span> <span class='ocrx_word' id='word_1_464' title='bbox 2264 4211 2579 4265; x_wconf 71' lang='lat' dir='ltr'><strong>admonitus</strong></span> 
     </span>
     <span class='ocr_line' id='line_1_78' title="bbox 1462 4278 2233 4349; baseline -0.001 -13"><span class='ocrx_word' id='word_1_465' title='bbox 1462 4282 1716 4337; x_wconf 75' lang='lat' dir='ltr'><strong>abeundi.</strong></span> <span class='ocrx_word' id='word_1_466' title='bbox 1789 4278 1918 4349; x_wconf 82' lang='lat' dir='ltr'><strong>Vgl.</strong></span> <span class='ocrx_word' id='word_1_467' title='bbox 1956 4297 2022 4333; x_wconf 86' lang='lat' dir='ltr'><strong>zu</strong></span> <span class='ocrx_word' id='word_1_468' title='bbox 2064 4287 2109 4345; x_wconf 92' lang='lat'><strong>1,</strong></span> <span class='ocrx_word' id='word_1_469' title='bbox 2147 4284 2233 4335; x_wconf 78' lang='lat'><strong>67.</strong></span> 
     </span>
    </p>
   </div>
   <div class='ocr_carea' id='block_1_15' title="bbox 2230 3289 2578 3343">
    <p class='ocr_par' dir='ltr' id='par_1_24' title="bbox 2230 3289 2578 3343">
     <span class='ocr_line' id='line_1_79' title="bbox 2230 3289 2578 3343; baseline -0.003 -1"><span class='ocrx_word' id='word_1_470' title='bbox 2230 3289 2458 3343; x_wconf 79' lang='lat' dir='ltr'><strong>onsular</strong></span> <span class='ocrx_word' id='word_1_471' title='bbox 2494 3303 2578 3341; x_wconf 88' lang='lat' dir='ltr'><strong>er-</strong></span> 
     </span>
    </p>
   </div>
  </div>
 </body>
</html>
