2867 4625
885 116 1105 174 LIBER
1140 119 1289 178 XIV.
1356 121 1513 179 CAP.
1553 130 1782 179 12-15.
2386 128 2514 194 133

144 293 521 358 concertare
568 285 751 375 equis
796 286 1049 374 regium
1096 291 1163 355 et
1209 289 1493 373 antiquis
1518 288 1813 354 ‘ducibus
1858 288 2229 355 factitatum
2273 313 2514 357 memo-

141 380 358 464 rabat,
401 379 597 464 idque
642 382 871 444 vatum
915 377 1216 443 laudibus
1264 377 1517 444 celebre
1564 382 1630 443 et
1674 378 1944 444 deorum
1986 380 2224 445 honori
2268 379 2514 445 datum.

142 469 476 534 enimvero
532 471 765 533 cantus
820 466 1118 552 Apollini
1172 488 1418 549 sacros,
1474 468 1721 554 talique
1777 472 2015 534 ornatu
2070 468 2329 534 adstare
2382 491 2517 534 non
2554 484 2587 533 5

141 557 344 627 modo
402 555 665 623 Graecis
729 556 802 621 in
865 555 1132 621 urbibus
1199 556 1311 621 sed
1366 556 1666 623 Romana
1731 556 1902 641 apud
1964 559 2214 643 templa
2272 579 2517 622 numen

140 646 572 731 praecipuum
620 649 686 710 et
729 645 1114 729 praescium.
1191 667 1311 711 nec
1354 646 1490 710 iam
1534 646 1680 712 sisti
1714 649 1997 731 poterat,
2046 668 2191 712 cum
2232 644 2515 712 Senecae

142 757 220 800 ac
276 734 492 800 Burro
548 735 792 818 visum,
854 755 938 799 ne
990 738 1262 819 utraque
1316 736 1751 820 pervinceret,
1806 735 2087 801 alterum
2148 736 2516 801 concedere.

144 825 574 908 clausumque
620 822 790 889 valle
827 822 1157 890 Vaticana
1193 825 1478 907 spatium
1513 824 1583 888 in
1619 847 1748 911 quo
1789 845 1986 909 equos
2023 826 2297 908 regeret,
2341 824 2518 889 haud

141 913 479 998 promisco
526 912 913 997 spectacula
998 934 1149 978 mox
1193 914 1368 978 ultro
1414 913 1637 979 vocari
1680 912 1964 998 populus
2004 911 2340 978 Romanus
2378 914 2514 979 lau·
2555 928 2624 977 10

144 1003 469 1087 dibusque
527 1002 862 1086 extollere,
926 1005 1003 1066 ut
1057 1004 1159 1066 est
1210 1002 1448 1087 vulgus
1504 1002 1770 1086 cupiens
1824 1002 2237 1085 voluptatum
2301 1006 2394 1086 et,
2459 1002 2517 1066 si

145 1090 381 1156 eodem
427 1091 730 1174 princeps
774 1089 1017 1173 trahat,
1060 1090 1319 1155 laetum.
1403 1094 1688 1156 ceterum
1736 1090 2083 1177 evulgatus
2129 1090 2339 1174 pudor
2382 1111 2518 1157 non

145 1180 557 1263 satietatem,
619 1183 695 1244 ut
747 1179 1086 1263 rebantur,
1150 1178 1261 1244 sed
1314 1179 1811 1245 incitamentum
1869 1178 2108 1247 attulit.
2207 1182 2517 1263 ratusque

144 1269 428 1334 dedecus
486 1268 757 1352 molliri,
813 1268 868 1332 si
917 1267 1134 1351 plures
1180 1268 1535 1354 foedasset,
1588 1269 1913 1334 nobilium
1957 1268 2358 1333 familiarum
2404 1290 2516 1352 po-

141 1362 361 1423 steros
419 1360 713 1441 egestate
769 1357 1029 1421 venales
1084 1356 1154 1421 in
1218 1378 1522 1422 scaenam
1586 1357 1877 1441 deduxit3
1942 1379 2106 1444 quos
2169 1356 2309 1422 fato
2373 1378 2518 1441 per·
2558 1370 2625 1420 15

140 1447 411 1512 functos
475 1467 559 1511 ne
617 1445 1008 1511 nominatim
1062 1445 1347 1530 tradam,
1410 1446 1767 1512 maioribus
1827 1467 2050 1511 eorum
2104 1446 2517 1511 tribuendum

143 1540 331 1620 put0.
415 1557 571 1599 nam
618 1538 685 1599 et
729 1534 867 1599 eius
912 1534 1235 1619 flagitium
1283 1538 1402 1619 est,
1449 1536 1561 1619 qui
1605 1536 1949 1618 pecuniam
1994 1534 2079 1599 ob
2126 1534 2367 1600 delicta
2402 1557 2520 1618 po-

142 1624 283 1689 tius
342 1623 524 1688 dedit
578 1644 774 1707 quam
827 1643 911 1687 ne
965 1622 1435 1707 delinquerent.
1526 1626 1720 1689 notos
1777 1645 2033 1709 quoque
2090 1624 2336 1709 equites
2391 1623 2520 1689 Ro·

143 1734 384 1778 manos
434 1733 667 1796 operas
714 1733 958 1777 arenae
995 1713 1376 1795 promittere
1422 1712 1685 1797 subegit
1719 1713 1908 1778 donis
1946 1712 2344 1798 ingentibuS,
2388 1712 2517 1777 nisi

141 1802 324 1886 quod
382 1821 629 1866 merces
684 1801 768 1865 ab
824 1822 901 1865 eo
960 1801 1070 1886 qui
1122 1800 1345 1865 iubere
1390 1804 1611 1885 potest
1653 1802 1786 1866 vim
1828 1801 2241 1867 necessitatis
2289 1801 2519 1867 adfert.
2556 1816 2627 1865 2ο

235 1908 242 1914 ·
327 1887 434 1954 Ne
479 1892 705 1954 tamen
751 1889 962 1953 adhuc
1005 1889 1267 1972 publico
1312 1889 1574 1955 theatro
1622 1889 2177 1973 dehonestaretur,
2228 1890 2517 1956 instituit
2540 1888 2624 1954 15

136 1979 338 2044 ludos
375 1975 782 2044 Iuvenalium
828 1978 1166 2063 vocabulo,
1209 1978 1280 2042 in
1329 2000 1491 2063 quos
1536 1979 1787 2062 passim
1834 1979 2104 2043 nomina
2141 1979 2311 2044 data.
2382 2001 2519 2045 non

137 2067 466 2134 nobilitas
523 2066 853 2152 cuiquam,
919 2088 1050 2131 non
1106 2070 1286 2132 aetas
1343 2070 1459 2132 aut
1514 2068 1642 2132 acti
1696 2066 1980 2132 honores
2035 2067 2520 2152 impedimentO,

135 2179 275 2242 quo
336 2156 555 2221 minus
603 2155 834 2221 Graeci
879 2153 1174 2220 Latinive
1227 2156 1567 2221 histrionis
1626 2158 1833 2220 artem
1891 2159 2261 2220 exercerent
2310 2177 2516 2242 usque

136 2246 222 2312 ad
288 2248 517 2330 gestus
574 2243 930 2331 modosque
984 2243 1160 2309 haud
1214 2244 1456 2310 viriles.
1549 2244 1706 2331 quin
1761 2248 1826 2309 et
1878 2244 2161 2310 feminae
2206 2244 2517 2310 inlustres
2556 2260 2589 2310 5

134 2334 472 2401 deformia
500 2333 826 2417 meditari3
865 2337 1281 2418 extructaque
1319 2334 1494 2419 apud
1528 2355 1776 2419 nemus,
1811 2334 1984 2420 quod
2022 2334 2242 2399 navali
2279 2338 2516 2420 stagno

210 2532 268 2582 3.
345 2526 596 2594 antiquis
667 2526 901 2581 ducibus
972 2527 1070 2581 ctt.
1172 2525 1279 2581 Die
1466 2532 1547 2581 12.
1588 2527 1860 2597 evulyare,
1892 2526 1987 2583 bei
2013 2527 2146 2582 Tac.
2175 2529 2292 2582 erst
2316 2526 2377 2581 in
2406 2526 2517 2581 den

130 2595 379 2680 grossen
404 2595 737 2651 nationalen
763 2595 1097 2665 Wettkamp
1097 2594 1152 2651 fe
1181 2596 1282 2650 der
1389 2596 1683 2653 Historien
1719 2598 1835 2653 und
1869 2598 2148 2668 Annalen,
2183 2597 2362 2652 findet
2397 2597 2518 2653 sich

132 2667 435 2725 Griechen
472 2666 598 2721 sind
635 2667 903 2737 gemeint,
944 2666 1038 2721 die
1055 2613 1282 2721 Pindar
1387 2685 1499 2722 nur
1533 2668 1680 2723 noch
1717 2668 1838 2723 Liv.
1879 2674 1937 2736 9,
1977 2674 2062 2723 46.

131 2741 199 2794 in
243 2738 448 2792 seinen
485 2685 674 2793 Odeng
680 2737 922 2807 besingt.
989 2738 1134 2792 Dort
1165 2739 1281 2792 tra-
1463 2745 1545 2795 14.
1592 2740 1800 2794 molliri
1834 2739 1914 2793 im
1945 2739 2114 2794 Sinne
2151 2739 2305 2796 eines
2340 2738 2513 2794 Futu-

128 2813 241 2865 ten
301 2808 441 2863 aber
496 2808 716 2878 Konige
770 2808 888 2863 und
939 2808 1281 2864 Feldherren
1386 2826 1560 2865 rums.
1615 2815 1667 2878 2,
1696 2816 1766 2865 34
1803 2811 1958 2865 abire
1992 2826 2050 2865 se
2080 2816 2130 2865 et
2157 2811 2337 2866 cedere
2361 2811 2517 2878 urbe,

130 2880 312 2935 nicht
346 2879 673 2947 personlich
710 2879 829 2948 auf,
874 2878 1114 2935 sondern
1150 2879 1279 2935 lies-
1384 2881 1661 2936 victuram
1720 2883 1786 2935 in
1831 2882 2019 2950 aliquo
2064 2882 2255 2937 abdito
2301 2887 2352 2937 et
2398 2883 2516 2936 lon-

130 2969 247 3008 sen
286 2950 415 3005 ihre
451 2949 873 3021 Wagenlenker
908 2950 1120 3006 fabren.
1386 2953 1594 3021 yinquo
1628 2969 1760 3007 rure
1792 2953 2109 3008 testabatur.
2169 2952 2224 3007 S.
2253 2972 2323 3007 zu
2349 2953 2404 3007 d.
2435 2952 2516 3007 St.

213 3028 274 3076 4.
320 3021 548 3076 deorum
590 3022 815 3087 honori,
860 3021 1110 3076 namlieh
1151 3020 1281 3076 dem
1465 3028 1547 3077 19.
1611 3024 1860 3093 subiyere
1922 3022 2030 3076 mit
2083 3023 2213 3078 dem
2266 3023 2515 3078 Infinitiv

133 3092 349 3164 Apoll,
406 3090 715 3160 Poseidon,
763 3092 903 3147 Zeus
945 3093 1063 3147 und
1106 3092 1281 3146 Hera·
1389 3094 1538 3148 auch
1574 3092 1681 3163 ΚΡ.
1711 3100 1796 3149 26.
1840 3101 1889 3162 1·,
1927 3100 1995 3149 39
2033 3093 2141 3149 wie
2176 3095 2270 3150 bei
2304 3094 2519 3150 Sallust

134 3166 293 3219 kles.
1388 3164 1505 3218 und
1532 3113 1747 3220 Livius.
1810 3165 2084 3236 Dagegen
2118 3166 2226 3220 mit
2256 3171 2320 3221 ut
2348 3172 2399 3234 2,
2427 3172 2513 3221 40.

217 3241 274 3291 6.
327 3235 397 3289 in
442 3265 507 3273 —
557 3234 728 3304 apud.
802 3233 1104 3289 Dieselben
1147 3232 1282 3288 Pra-
1391 3265 1461 3275 -
1498 3237 1613 3290 nisi
1656 3238 1861 3305 quod,
1864 3254 1987 3306 ,nur
2023 3236 2170 3306 dass,
2218 3238 2353 3292 aber
2384 3208 2517 3292 ’frei-

136 3305 478 3377 positionen
522 3305 825 3360 wechseln:
882 3310 941 3372 6,
980 3309 1048 3358 22
1095 3307 1284 3359 tristia
1388 3306 1559 3362 lich“.
1638 3314 1686 3375 1,
1726 3314 1795 3363 33
1833 3314 1995 3378 atque
2029 3309 2156 3377 ipsa
2193 3308 2517 3380 Aqrippina

137 3381 209 3433 in
277 3377 476 3443 bonos,
555 3378 699 3431 laeta
763 3376 917 3445 apud
980 3376 1280 3458 deteriores.
1382 3379 1561 3445 paulo
1597 3381 1926 3444 commotior,
1960 3380 2077 3434 nisi
2112 3382 2259 3449 quod
2294 3410 2364 3420 —
2393 3381 2517 3434 am·—

143 3449 326 3503 Sonst
363 3447 524 3502 nicht
557 3445 977 3502 vorkommend.
1044 3445 1173 3515 Vgl.
1198 3446 1284 3516 ,ᾔθ-
1389 3465 1537 3502 mum
1594 3450 1659 3502 in
1710 3449 1912 3504 bonwm
1955 3451 2208 3506 vertebat.
2290 3450 2497 3519 Agr-‚6

144 3520 300 3574 doch
338 3518 487 3573 Einl.
524 3524 572 3584 §-
604 3523 688 3573 60.
1389 3517 1518 3573 hist.
1558 3525 1620 3587 3,
1659 3525 1742 3575 28.
1822 3519 1894 3574 So
1939 3523 2126 3575 zuerst
2169 3520 2265 3575 bei
2305 3520 2517 3591 Livius,

221 3596 274 3645 8.
313 3606 391 3648 ne*
424 3595 662 3659 utraque
687 3590 1030 3658 pervinceret
1065 3588 1285 3657 „damit
1389 3588 1541 3643 dann
1596 3591 1740 3645 auch
1792 3590 1887 3645 bei
1934 3590 2146 3646 Sueton
2199 3592 2315 3647 und
2365 3595 2514 3663 Apu·

144 3678 211 3716 er
248 3660 415 3715 nicht
448 3659 643 3715 beides
670 3659 1079 3716 durchsetzte“.
1146 3659 1276 3730 Vgl.
1387 3660 1545 3730 lejus.

148 3738 248 3801 12,
299 3735 370 3786 60
425 3748 565 3801 quae
617 3732 881 3786 vicerant.
965 3716 1118 3784 Uber
1172 3730 1282 3785 den

143 3805 351 3858 Aecus.
390 3801 635 3858 verbalis
671 3802 1101 3868 s.Einl.§.26.
1462 3802 1560 3859 15.
1625 3807 1675 3857 2.
1730 3801 1837 3857 Die
1892 3802 2195 3859 Iuvenalia
2248 3804 2517 3858 kommen

221 3880 274 3928 9.
322 3873 431 3928 Die
466 3875 632 3929 vallis
670 3873 950 3929 Vaticana
987 3871 1146 3955 (oder
1181 3872 1282 3927 der
1389 3891 1498 3928 nur
1557 3878 1722 3929 unter
1776 3873 1928 3929 Nero
1993 3890 2109 3929 vor.
2164 3904 2234 3914 --
2288 3876 2517 3930 nomina

145 3961 381 4015 campus
437 3944 586 4014 Vat.)
643 3944 790 4014 liegt
842 3942 1101 3998 nordlich
1151 3960 1283 3999 vom
1388 3946 1526 4000 data
1561 3961 1730 4014 „man
1765 3945 2023 4029 meldete·
2046 3944 2166 4045 sic‘h
2203 3945 2397 4028 daqu‘.

77 4039 83 4045 ’
142 4014 1281 4155 ἰὲἒέωῧῗέῗέᾅωεέἰίὶωῧὲἓὼθῖ.
1390 4015 2156 4143 513..”².⁰.⁰¹.⁰1iss¹.¹.⁰¹0‘’1{22¹33
2202 4034 2262 4072 ¹¹²
2301 4016 2514 4073 ⁶¹⁶⁸²¹¹¹

142 4159 523 4214 Wettrennen
563 4158 848 4227 gehalten.
880 4188 947 4197 —
974 4157 1129 4212 haud
1149 4171 1279 4225 p·ro
1461 4164 1512 4215 6.
1557 4161 1753 4214 navali
1797 4164 2009 4229 stayno.
2083 4156 2218 4214 Dies
2266 4175 2379 4213 war
2421 4159 2513 4215 die

142 4231 316 4285 misco
344 4230 444 4284 ott.
475 4228 529 4282 d.
551 4229 607 4283 h.
638 4231 739 4283 das
761 4227 910 4284 Volk
935 4227 1093 4282 ward
1121 4226 1281 4281 nicht
1386 4228 1741 4285 Naumachia
1772 4230 2017 4301 Augusti
2053 4246 2146 4285 am
2174 4230 2512 4287 Janiculum.

138 4301 498 4373 zugelassen.
1389 4298 1443 4353 S.
1482 4319 1550 4355 zu
1591 4308 1682 4369 12,
1722 4306 1806 4356 56.
