2867 4625
983 100 1204 156 LIBER
1238 101 1309 159 ΙΙ.
1382 99 1539 158 GAP.
1571 106 1797 157 19—22.
2443 102 2571 168 107

212 264 344 329 tela
401 265 471 327 et
526 263 915 346 proturbare
961 262 1219 328 hostem
1265 263 1465 328 iubet.
1557 261 1799 329 missae
1844 287 1881 330 e
1926 264 2274 330 tormentis
2319 264 2575 349 hastae,
2611 281 2680 333 1ο

215 354 596 437 quantoque
643 352 973 436 conspicui
1018 352 1232 435 magis
1278 357 1821 437 propugnatores,
1863 357 2053 419 tanto
2097 353 2394 439 pluribus
2430 352 2572 418 vul-

208 441 475 506 neribus
512 440 769 505 deiecti.
838 440 1089 525 primus
1117 438 1357 506 Caesar
1395 461 1541 505 cum
1576 442 1926 525 praetoriis
1963 442 2340 508 cohortibus
2377 445 2571 525 capto

209 530 382 595 vallo
443 529 626 594 dedit
678 528 996 612 impetum
1050 529 1121 594 in
1177 528 1405 612 silvas3
1467 530 1729 596 conlato
1784 531 1921 596 illic
1979 530 2188 615 gradu
2233 534 2572 596 certatum.

208 617 473 684 hostem
515 640 555 683 a
589 621 776 703 tergo
813 618 1032 703 palus,
1068 616 1402 684 Romanos
1440 617 1685 683 flumen
1722 624 1838 685 aut
1873 624 2125 685 montes
2163 619 2570 685 claudebant.

208 707 513 790 utrisque
558 706 915 771 necessitas
960 706 1028 771 in
1076 708 1249 788 loco,
1295 727 1445 792 spes
1491 706 1561 770 in
1608 707 1880 792 virtute,
1927 709 2108 773 salus
2156 730 2234 773 ex
2279 707 2568 773 victoria.
2611 724 2676 773 15

388 794 456 861 N
459 816 533 859 ec
567 794 786 860 minor
822 793 1164 860 Germanis
1204 795 1488 874 animus,
1538 794 1651 859 sed
1688 815 1924 880 genere
1959 818 2219 882 pugnae
2256 800 2324 860 et
2361 817 2569 860 armo-
2590 798 2676 862 21

204 904 355 947 rum
397 883 892 967 superabantur,
930 905 1079 948 cum
1114 885 1347 967 ingens
1384 883 1736 949 multitudo
1775 885 1938 950 artis
1975 886 2138 950 locis
2174 885 2571 968 praelongas

206 971 444 1036 hastas
506 992 640 1036 non
699 972 1141 1055 protenderet,
1200 993 1333 1037 non
1394 971 1758 1057 colligeret,
1818 995 2029 1058 neque
2084 973 2448 1037 adsultibus
2505 976 2572 1037 et

211 1060 573 1125 velocitate
608 1081 953 1143 corporum
990 1064 1299 1138 uteretur,
1345 1065 1574 1127 coacta
1621 1061 1856 1126 stabile
1904 1062 1985 1127 ad
2030 1062 2373 1144 proelium3
2420 1082 2569 1126 con-

208 1151 320 1213 tra
374 1149 599 1231 miles,
659 1149 765 1212 cui
823 1152 1080 1214 scutum
1138 1150 1392 1233 pectori
1448 1149 1829 1235 adpressum
1885 1154 1951 1214 et
2004 1150 2290 1215 insidens
2339 1148 2570 1232 capulo
2627 1166 2659 1215 5

200 1258 480 1321 manus,
544 1237 717 1301 latos
784 1237 1210 1303 barbarorum
1275 1241 1489 1316 artus,
1553 1237 1727 1302 nuda
1785 1261 1903 1304 ora
1960 1238 2214 1304 foderet
2269 1237 2570 1322 viamque

203 1328 438 1410 strage
483 1324 776 1390 hostium
823 1326 1134 1410 aperiret,
1179 1327 1558 1411 inprompto
1603 1328 1737 1391 iam
1782 1327 2083 1393 Arminio
2130 1328 2217 1392 ob
2263 1326 2571 1392 continua

201 1414 522 1499 pericula,
571 1415 709 1479 sive
753 1415 940 1479 illum
987 1436 1212 1480 recens
1259 1419 1599 1499 acceptum
1647 1416 1883 1481 vulnus
1929 1415 2321 1480 tardaverat.
2412 1414 2570 1500 quin

202 1506 274 1567 et
332 1502 856 1587 Inguiomerum,
917 1506 1060 1569 tota
1119 1503 1500 1577 volitantem
1565 1503 1728 1586 acie,
1790 1504 2053 1569 fortuna
2111 1504 2317 1589 magis
2374 1524 2571 1587 quam

198 1590 419 1655 virtus
489 1590 848 1656 deserebat.
955 1595 1023 1657 et
1082 1593 1511 1657 Germanicus
1578 1613 1707 1678 quo
1773 1593 1986 1678 magis
2052 1592 2570 1677 adgnosceretur,
2612 1609 2678 1658 10

200 1680 582 1744 detraxerat
634 1680 923 1764 tegimen
979 1681 1182 1764 capiti
1237 1681 1595 1766 orabatque
1649 1681 2029 1747 insisterent
2086 1680 2421 1746 caedibus:
2477 1679 2570 1743 nil

199 1789 375 1853 opus
442 1767 749 1851 captivis,
821 1769 1030 1833 solam
1088 1768 1586 1837 internicionem
1647 1769 1864 1854 gentis
1925 1770 2119 1834 finem
2178 1770 2352 1834 bello
2411 1768 2568 1833 fore.

198 1857 476 1942 iamque
532 1877 677 1922 sero
734 1855 862 1921 diei
920 1857 1221 1922 subducit
1266 1878 1344 1922 ex
1392 1857 1531 1923 acie
1588 1858 1914 1943 legionem
1958 1857 2274 1924 faciendis
2321 1856 2571 1940 castris,

197 1949 466 2010 ceterae
514 1944 592 2008 ad
638 1948 901 2010 noctem
948 1967 1176 2011 cruore
1220 1945 1511 2011 hostium
1558 1947 1839 2012 satiatae
1886 1949 2055 2012 sunt.
2139 1947 2389 2032 equites
2437 1967 2568 2010 am-

198 2035 410 2119 bigue
457 2036 802 2098 certavere.
2614 2051 2678 2101 15

388 2121 701 2187 Laudatis
738 2144 859 2205 pro
907 2123 1207 2187 contione
1254 2122 1617 2187 victoribus
1657 2120 1897 2188 Caesar
1945 2124 2312 2208 congeriem
2363 2143 2570 2187 armo-
2589 2125 2679 2190 22

200 2232 356 2275 rum
424 2212 687 2295 struxit,
763 2210 1041 2294 superbo
1106 2233 1252 2275 cum
1314 2210 1548 2276 titulo:
1623 2210 1967 2276 debellatis
2033 2212 2205 2276 inter
2269 2209 2570 2275 Rhenum

202 2298 566 2385 Albimque
610 2299 990 2366 nationibus
1040 2300 1391 2366 exercitum
1429 2297 1674 2365 Tiberii
1713 2298 2012 2367 Caesaris
2054 2324 2130 2366 ea
2167 2301 2572 2365 monimenta

203 2387 414 2453 Marti
453 2392 519 2452 et
553 2388 699 2454 Iovi
737 2392 804 2454 et
841 2389 1144 2474 Augusto
1183 2389 1563 2455 sacravisse.
1638 2389 1717 2453 de
1757 2412 1826 2455 se
1862 2389 2029 2454 nihil
2066 2388 2341 2471 addidit,
2390 2390 2570 2452 metu

201 2476 499 2541 invidiae
556 2499 638 2542 an
691 2481 874 2542 ratus
931 2478 1392 2543 conscientiam
1449 2477 1610 2543 facti
1667 2479 1829 2543 satis
1876 2498 2036 2543 esse.
2129 2497 2278 2540 mox
2323 2476 2570 2541 bellum
2609 2493 2641 2542 5

206 2564 282 2629 in
324 2564 756 2649 Angrivarios
796 2564 1109 2632 Stertinio
1147 2566 1444 2651 mandat,
1481 2567 1551 2630 ni
1588 2565 1983 2631 deditionem
2020 2565 2569 2650 properavissent.

208 2657 413 2739 atque
470 2653 570 2718 illi
625 2654 948 2739 supplices
1003 2654 1169 2719 nihil
1217 2655 1562 2720 abnuendo
1610 2654 1868 2719 veniam
1915 2655 2204 2719 omnium
2251 2673 2570 2736 accepere.

204 2843 446 2899 Wortes
473 2844 691 2900 stimmt
722 2864 792 2899 zu
828 2847 1043 2902 librilia
1070 2845 1341 2917 „Schleu-
1525 2852 1576 2900 9.
1641 2846 1898 2913 volitare,
1953 2844 2060 2899 wie
2118 2850 2211 2912 15,
2269 2850 2302 2899 9
2358 2849 2571 2900 turmae

201 2915 548 2971 dersteine“.
605 2915 734 2986 Vgl.
768 2923 851 2985 13,
881 2923 970 2974 89.
1450 2933 1655 2986 mayna
1689 2918 1865 2987 specie
1899 2916 2220 2972 volitabant.
2270 2915 2400 2971 hist.
2421 2922 2471 2983 2,
2501 2919 2570 2969 88

281 2992 373 3041 13.
429 2987 690 3056 impetum
739 2988 873 3043 dare
923 2989 1090 3058 (statt
1138 2989 1340 3058 facere)
1450 2989 1667 3043 tribuni
1707 2989 2078 3058 praefectique
2126 3017 2197 3030 --
2247 2988 2569 3042 volitabant.

202 3058 315 3112 hat
365 3060 555 3111 zuerst
599 3056 720 3112 Liv.
758 3064 820 3125 4,
859 3063 945 3114 28.
994 3065 1056 3126 9,
1093 3064 1186 3126 43,
1245 3059 1343 3112 der
1453 3059 1528 3114 So
1560 3059 1735 3113 schon
1762 3058 1858 3113 bei
1885 3058 2103 3114 Cicero:
2143 3063 2254 3114 toto
2288 3059 2429 3125 fore,
2457 3062 2575 3113 tota

204 3127 363 3183 auch
416 3130 572 3198 sagt:
629 3135 883 3200 strayem,
938 3131 1341 3200 impressionem
1450 3131 1600 3198 urbe,
1636 3130 1702 3184 in
1738 3131 1909 3185 armis
1941 3131 2187 3184 volitare.

201 3200 365 3254 dare.
1526 3205 1609 3256 13.
1661 3216 1841 3255 seram
1876 3202 1990 3256 diei
2024 3200 2152 3268 (wie
2189 3200 2427 3254 mediam
2461 3199 2575 3253 diei

285 3274 375 3324 14.
437 3268 553 3323 Der
603 3269 761 3324 Fluss
813 3269 967 3326 kann
1021 3272 1181 3326 nicht
1244 3270 1341 3325 be·
1454 3276 1548 3337 11,
1587 3274 1678 3342 21)
1732 3273 1919 3326 zuerst
1967 3270 2061 3325 bei
2110 3270 2230 3325 Liv.
2271 3276 2319 3337 7,
2359 3276 2418 3336 8,
2475 3269 2576 3324 der

205 3338 442 3394 stimmt
474 3341 717 3396 werden.
1451 3343 1597 3396 auch
1619 3346 1774 3411 sagt:
1801 3359 1981 3397 seram
2008 3343 2167 3408 anni,
2194 3342 2385 3396 noctis,
2424 3341 2576 3394 Aber

281 3410 384 3465 21.
435 3417 482 3467 3.
531 3412 779 3482 colligere
823 3412 1340 3481 ,‚zurfickziehen“;
1450 3411 1770 3483 regelrecht
1831 3413 1963 3467 hist.
2012 3418 2074 3480 3,
2125 3418 2192 3467 82
2258 3412 2333 3466 ad
2394 3425 2575 3465 serum

206 3479 272 3535 in
330 3480 545 3536 diesem
600 3481 769 3537 Sinne
824 3479 922 3538 ἅπ.
961 3481 1061 3552 sio.
1118 3514 1187 3523 —
1242 3483 1340 3537 ad-
1448 3499 1619 3554 wsque
1663 3485 1820 3538 diem.
1894 3470 2049 3537 Uber
2095 3483 2204 3537 den
2250 3481 2420 3537 Dativ
2474 3481 2573 3535 des

206 3552 394 3607 statice
458 3552 536 3606 ist
589 3569 690 3607 aus
740 3552 893 3623 Virg.
942 3557 1079 3609 Aen.
1128 3557 1184 3620 ὅ,
1233 3558 1339 3607 442
1450 3554 1861 3608 Gerundivums
1899 3572 1941 3607 s.
1969 3552 2116 3608 Einl.
2147 3559 2195 3619 ς.
2229 3559 2347 3621 109,
2377 3554 2429 3608 b.

211 3627 287 3694 (a
321 3624 501 3678 variis
535 3624 846 3679 adsultibus
872 3626 1050 3696 αγρεε)
1081 3623 1343 3678 entlehnt
1520 3624 1617 3678 22.
1642 3631 1688 3678 1.
1857 3625 2010 3693 eries,
2031 3622 2403 3693 unklassisch‚
2427 3623 2574 3680 doch

210 3694 332 3748 und
387 3693 610 3749 kommt
669 3697 828 3750 sonat
879 3713 985 3750 nur
1038 3695 1119 3749 im
1175 3695 1338 3764 Spat-
1450 3696 1626 3750 schon
1660 3694 1756 3749 bei
1840 3694 2005 3748 nnius
2043 3697 2195 3763 (aun.
2225 3696 2372 3766 241).

211 3764 392 3819 latein
430 3782 548 3821 vor.
1520 3771 1572 3820 4.
1620 3754 1772 3820 Uber
1802 3782 1881 3820 an
1912 3765 2059 3830 ohne
2086 3765 2573 3835 voraufgebendes

287 3841 337 3890 ’1.
375 3837 725 3906 inpromptus
759 3854 867 3891 nur
900 3838 1051 3892 noch
1087 3836 1183 3891 bei
1215 3836 1338 3894 Liv.
1448 3837 1702 3903 dubiam,
1762 3837 2031 3891 incertum
2086 3854 2127 3889 s.
2166 3854 2234 3889 zu
2274 3842 2331 3905 1,
2373 3842 2455 3889 13.
2506 3866 2573 3876 -—

212 3905 330 3960 und
365 3905 663 3961 Ausonius.
1454 3923 1539 3977 cp.
1580 3912 1650 3961 42
1694 3907 1857 3975 finem
1909 3906 2056 3960 vitae
2097 3911 2289 3975 sponte
2333 3923 2413 3960 an
2454 3908 2575 3973 fato

286 3982 337 4032 8.
395 3976 511 4031 Das
566 3977 825 4032 einfache
878 3979 992 4034 sive
1047 3980 1190 4034 statt
1244 3978 1343 4033 des
1453 3978 1713 4048 implevit.

216 4046 551 4117 doppelten,
597 4046 707 4103 wie
746 4054 803 4116 1,
842 4053 875 4102 6
920 4050 1052 4117 ficta
1085 4066 1182 4104 sen
1214 4065 1347 4104 vera
1527 4053 1577 4103 ὅ.
1643 4048 1803 4116 Hier,
1866 4046 1975 4102 wie
2027 4046 2087 4101 in
2150 4064 2237 4117 cp.
2286 4052 2382 4115 24,
2448 4045 2575 4101 sind

208 4124 498 4187 promeret.
563 4125 597 4173 2
610 4161 625 4187 ,
662 4124 734 4174 24
770 4120 893 4174 visa
934 4121 1048 4175 sive
1095 4137 1164 4175 ex
1199 4126 1345 4175 metu
1456 4118 1732 4175 ebenfalls
1786 4118 1879 4174 die
1932 4116 2321 4188 Ampsivarier
2375 4120 2481 4188 (cp.
2519 4118 2574 4187 8)

213 4190 426 4245 eredita
470 4191 588 4244 und
625 4189 774 4246 efter
809 4189 871 4244 in
907 4189 1018 4246 den
1055 4190 1347 4246 Historien
1457 4192 1720 4260 gemeint.
1759 4221 1824 4231 -
1864 4189 1929 4243 In
1967 4189 2079 4244 den
2106 4188 2341 4244 Worteu
2380 4189 2578 4244 bellum

212 4259 330 4312 und
364 4258 644 4317 Annalen.
1455 4263 1712 4329 mandat,
1755 4262 1822 4316 ni
1853 4258 2002 4330 liegt
2037 4259 2128 4315 die
2166 4258 2387 4315 direkte
2422 4258 2577 4314 Rede
