2867 4625
941 113 1160 168 LIBER
1193 114 1264 168 11.
1338 112 1495 169 CAP.
1523 118 1753 169 23-25.

2397 114 2527 180 109

161 277 469 361 excessit,
515 275 870 341 hostilibus
918 276 1161 340 circum
1205 274 1509 341 litoribus
1557 279 1671 341 aut
1715 276 1812 341 ita
1857 279 2045 341 vasto
2083 280 2150 340 et
2184 275 2527 361 profundo,

159 372 236 430 ut
295 365 607 430 credatur
661 363 1096 430 novissimum
1155 384 1232 428 ac
1296 364 1434 428 sine
1497 364 1690 428 terris
1757 386 1954 428 mare.
2045 386 2197 449 pars
2264 366 2528 430 navium

158 453 442 519 haustae
481 456 655 537 sunt,
699 454 919 538 plures
967 452 1139 536 apud
1186 452 1435 516 insulas
1481 453 1742 538 longius
1790 453 1952 518 sitas
1998 453 2267 537 eiectae3
2313 454 2528 518 miles·
2564 468 2598 518 5

162 564 288 626 que
356 543 545 606 nullo
610 541 746 606 illic
806 540 1148 606 hominum
1213 542 1394 605 cultu
1456 540 1631 605 fame
1696 541 2109 626 absumptus,
2174 540 2302 605 nisi
2364 563 2528 626 quos

161 652 447 715 corpora
509 648 823 714 equorum
882 630 1109 694 eodem
1166 629 1326 693 elisa
1390 629 1852 695 toleraverant.
1955 630 2096 695 sola
2156 629 2528 696 Germanici

158 720 457 784 triremis
498 716 909 783 Chaucorum
951 721 1199 783 terram
1234 717 1512 802 adpulit;
1561 740 1756 802 quem
1789 739 1908 803 per
1945 737 2170 783 omnes
2207 718 2355 784 illos
2392 718 2529 783 dies

158 810 527 891 noctesque
587 807 757 891 apud
817 807 1121 890 scopulos
1182 812 1251 870 et
1308 806 1743 890 prominentis
1790 828 1968 884 oras,
2024 828 2174 871 cum
2230 828 2300 871 se
2353 806 2530 872 tanti

160 896 345 961 exitii
393 916 582 960 reum
626 895 1017 978 clamitaret,
1070 896 1179 960 vix
1224 895 1569 960 cohibuere
1616 895 1809 960 amici
1857 916 1987 979 quo
2032 895 2253 960 minus
2299 897 2527 960 eodem
2566 911 2632 961 10

159 984 332 1049 mari
384 987 739 1068 oppeteret.
830 983 1096 1049 tandem
1150 983 1485 1048 relabente
1543 988 1730 1048 aestu
1778 986 1844 1048 et
1890 983 2286 1048 secundante
2330 987 2530 1049 vento

163 1073 443 1138 claudae
488 1093 687 1137 naves
732 1093 882 1137 raro
928 1071 1206 1157 remigio
1253 1075 1368 1136 aut
1412 1071 1687 1136 intentis
1734 1072 2044 1155 vestibus,
2090 1076 2158 1136 et
2203 1072 2526 1156 quaedam

165 1184 204 1226 a
239 1160 673 1227 validioribus
708 1164 979 1243 tractae,
1015 1162 1371 1243 revertere3
1417 1181 1581 1244 quas
1618 1160 1860 1244 raptim
1896 1160 2172 1225 refectas
2211 1159 2413 1244 misit,
2459 1164 2533 1224 ut

167 1253 622 1315 scrutarentur
677 1249 942 1314 insulas.
1036 1248 1293 1313 collecti
1354 1269 1431 1312 ea
1494 1270 1650 1312 cura
1706 1249 2016 1334 plerique.
2106 1250 2348 1313 multos
2395 1249 2530 1312 An-

170 1338 448 1424 grivarii
492 1359 698 1422 nuper
744 1338 813 1401 in
857 1336 1054 1401 fidem
1101 1337 1351 1421 accepti
1394 1336 1772 1421 redemptos
1811 1336 1893 1401 ab
1930 1337 2351 1412 interioribus
2388 1337 2531 1402 red·
2572 1353 2637 1403 15

173 1427 423 1508 didere,
482 1426 746 1509 quidam
799 1426 869 1490 in
915 1425 1328 1490 Britanniam
1384 1424 1562 1510 rapti
1605 1429 1673 1489 et
1715 1425 1974 1490 remissi
2020 1447 2062 1489 a
2105 1426 2368 1511 regulis.
2458 1428 2537 1490 ut

176 1515 320 1598 quis
351 1535 432 1578 ex
473 1515 830 1599 longinquo
866 1517 1222 1598 revenerat,
1259 1513 1580 1579 miracula
1614 1515 1989 1597 narrabant,
2028 1515 2162 1579 vim
2196 1514 2534 1579 turbinum

178 1607 242 1667 et
285 1602 621 1668 inauditas
665 1602 993 1686 volucres,
1051 1605 1348 1667 monstra
1394 1601 1623 1685 maris,
1679 1602 2022 1688 ambiguas
2079 1602 2423 1667 hominum
2468 1606 2536 1666 et

175 1691 522 1757 beluarum
566 1690 841 1774 formas,
886 1691 1028 1755 visa
1075 1690 1211 1755 sive
1259 1712 1338 1755 ex
1384 1693 1566 1755 metu
1611 1690 1878 1756 credita.

357 1777 487 1844 Sed
544 1780 723 1844 fama
780 1779 1009 1844 classis
1071 1779 1350 1843 amissae
1410 1782 1488 1843 ut
1545 1777 1902 1845 Germanos
1963 1779 2044 1844 ad
2104 1800 2290 1863 spem
2348 1778 2528 1863 belli,
2552 1779 2640 1846 25

174 1869 272 1934 ita
339 1865 690 1933 Caesarem
754 1867 836 1932 ad
899 1867 1323 1932 coercendum
1386 1867 1608 1932 erexit.
1701 1865 1771 1932 G.
1821 1865 1982 1933 Silio
2047 1889 2194 1932 cum
2257 1867 2535 1952 triginta

176 1956 495 2040 peditum,
541 1956 752 2021 tribus
800 1956 1091 2039 equitum
1137 1955 1403 2020 milibus
1450 1956 1546 2019 ire
1590 1956 1663 2020 in
1710 1953 1989 2021 Chattos
2034 1957 2339 2039 imperat3
2388 1955 2528 2039 ipse

177 2045 540 2109 maioribus
599 2044 805 2127 copiis
865 2043 1121 2108 Marsos
1176 2044 1522 2128 inrumpit,
1578 2065 1856 2128 quorum
1911 2044 2039 2109 dux
2082 2043 2534 2110 Mallovendus

176 2154 390 2218 nuper
433 2134 504 2196 in
549 2132 947 2197 deditionem
993 2135 1297 2216 acceptus
1341 2132 1710 2217 propinquo
1755 2134 1902 2198 luco
1941 2132 2268 2198 defossam
2302 2131 2532 2196 Varia-
2570 2148 2603 2198 5

178 2242 303 2287 nae
351 2221 632 2306 legionis
679 2220 967 2305 aquilam
1010 2220 1269 2285 modico
1315 2220 1644 2305 praesidio
1692 2221 1933 2286 servari
1979 2221 2239 2286 indicat.
2328 2201 2534 2285 missa

181 2310 514 2395 extemplo
560 2332 793 2374 manus
842 2331 1007 2394 quae
1052 2309 1309 2375 hostem
1355 2332 1394 2374 a
1439 2308 1657 2375 fronte
1695 2310 1972 2376 eliceret.
2048 2312 2159 2375 alii
2199 2308 2310 2394 qui
2349 2312 2538 2393 terga

180 2399 639 2483 circumgressi
693 2397 1098 2463 recluderent
1149 2398 1453 2482 humum'3
1521 2402 1587 2463 et
1639 2399 1937 2482 utrisque
1992 2398 2203 2464 adfuit
2255 2399 2537 2462 fortuna.

181 2509 261 2555 eo
306 2488 682 2572 promptior
725 2484 968 2551 Caesar
1010 2486 1230 2570 pergit
1273 2487 1615 2570 introrsus,
1659 2487 2032 2572 populatur,
2079 2487 2362 2552 excindit
2404 2506 2536 2549 non

182 2598 415 2642 ausum
464 2575 771 2662 congredi
814 2574 1074 2640 hostem
1119 2579 1257 2655 aut,
1315 2574 1521 2640 sicubi
1579 2577 1939 2659 restiterat,
1995 2575 2223 2639 statim
2276 2575 2537 2659 pulsum
2578 2590 2644 2639 1ο

253 2790 306 2841 4.
344 2782 486 2838 Dass
511 2800 663 2840 mare
689 2785 806 2838 erst
833 2800 927 2838 am
960 2783 1182 2839 Schlnss
1209 2784 1310 2838 der

181 2855 426 2911 Periode
468 2855 625 2909 steht
648 2856 764 2909 und
789 2854 953 2922 nicht
981 2855 1157 2909 sehon
1182 2870 1310 2910 vor-

182 2926 286 2981 her
322 2924 411 2980 als
448 2923 682 2981 Ablativ
718 2925 813 2979 bei
848 2930 1018 2993 vasto,
1055 2925 1131 2979 ist
1157 2942 1305 2980 zwar

183 2995 650 3066 ungewbhnlich,
714 2998 851 3050 aber
901 2995 1216 3065 vgl.Me1a
1257 3001 1309 3063 2,

184 3073 231 3134 ὅ.
270 3072 343 3122 77
393 3068 529 3121 haec
574 3084 613 3121 a
657 3066 924 3121 Phocaeis
965 3068 1210 3121 oriunda
1258 3070 1311 3120 et

183 3139 316 3193 olim
351 3138 501 3191 inter
545 3153 772 3205 asperas
797 3138 1015 3206 posita,
1060 3154 1213 3192 nunc
1245 3141 1310 3191 ut

175 3210 403 3278 pacatis
430 3208 517 3263 ita
544 3208 928 3263 dissimillimis
956 3209 1145 3262 vicina
1178 3224 1307 3277 yen-

182 3280 334 3334 tibus
361 3283 455 3333 ctt.
513 3276 653 3333 Hier
678 3277 756 3333 ist
780 3283 962 3347 yentes
988 3296 1055 3332 zu
1081 3293 1308 3348 asperas

184 3366 287 3405 aus
322 3349 579 3419 yentibus
615 3367 684 3403 zu
720 3348 1056 3419 suppliercn.

257 3427 307 3476 7.
374 3420 611 3475 tolerare
658 3421 897 3489 aliquem
948 3420 1089 3474 statt
1136 3420 1309 3475 vitam

187 3491 434 3548 alicuius
486 3491 743 3557 tolerare,
800 3489 1078 3545 durchaus
1131 3505 1307 3558 unge-

189 3559 504 3630 wchnlich,
553 3561 700 3615 doch
747 3562 923 3616 sehon
957 3560 1054 3616 bei
1091 3559 1215 3616 Cas.
1252 3561 1308 3615 b.

186 3649 230 3687 c.
271 3639 332 3701 3,
371 3637 443 3686 49
489 3632 881 3700 coynosceboent
923 3647 1083 3701 equos
1125 3647 1312 3687 eorum

187 3704 433 3759 tolerari.
470 3706 542 3757 58
561 3703 863 3771 equitatum
889 3704 1137 3758 tolerare.
1165 3701 1310 3757 Plin.

188 3791 241 3828 n.
261 3773 322 3827 h.
342 3779 432 3842 33,
462 3778 509 3839 §-
534 3779 638 3828 136
664 3778 860 3828 octona
885 3773 1046 3828 maia
1072 3774 1313 3843 equitum

188 3860 292 3899 sua
322 3844 570 3914 pec-tonia
603 3844 929 3899 toleravisse.

258 3920 313 3969 8.
368 3915 644 3984 adpellere
694 3920 898 3970 terram
946 3913 1024 3968 ist
1069 3911 1168 3968 ἅπ.
1208 3912 1312 3984 sio.

190 3984 338 4040 nach
372 3985 657 4056 Analogie
693 4002 806 4041 von
849 3985 1070 4051 advehi,
1116 3986 1314 4041 adveu-

191 4061 331 4123 tare,
366 4057 621 4112 accedere
657 4074 711 4112 u.
740 4073 793 4111 a.

262 4133 316 4182 9.
376 4127 597 4196 scopuli
641 4125 790 4192 ‚sind
851 4125 979 4181 hier
1033 4124 1316 4181 Steinriffe

194 4214 295 4252 aus
331 4197 520 4254 vielen
555 4197 812 4252 Blbcken
846 4196 1179 4252 bestehend.
1252 4257 1255 4260 ,

267 4274 352 4326 11.
389 4274 640 4340 oppetere
667 4268 909 4340 absolut,
934 4269 1089 4340 ,ohne
1116 4268 1314 4323 hinzu-

1416 2784 1677 2853 geftigtes
1714 2789 1938 2840 mortem
1972 2784 2119 2839 anch
2156 2789 2208 2852 4,
2237 2787 2332 2849 503
2381 2782 2541 2836 sonst

1415 2873 1523 2909 nur
1558 2853 1653 2909 bei
1680 2853 1870 2924 Virgil
1905 2854 2021 2909 und
2059 2855 2332 2924 Spateren
2367 2884 2436 2894 —
2463 2869 2540 2908 se·

1417 2927 1664 2980 cundare
1711 2927 1772 2979 in
1825 2924 2120 2981 derselben
2172 2925 2500 2980 Verbindnn

1416 2996 1511 3050 bei
1537 2995 1742 3050 Justin.
1774 3001 1862 3064 26,
1890 3001 1941 3051 3.
2000 2996 2171 3051 Sonst
2197 2994 2500 3051 dichterisc

1415 3067 1534 3120 und
1569 3067 1650 3121 im
1688 3065 2023 3136 Spatlatein.

1493 3140 1579 3190 12.
1625 3138 1861 3193 claudae
1905 3154 2096 3206 naves,
2145 3136 2253 3192 wie
2289 3136 2450 3192 Lucr.
2488 3141 2540 3203 4,

1413 3212 1521 3262 436
1577 3209 1785 3263 clauda
1836 3210 2083 3279 naviqia.
2166 3207 2288 3264 Liv.
2336 3213 2423 3275 37,
2472 3211 2543 3259 24

1414 3278 1648 3334 claudas
1683 3281 2013 3349 mutilusque
2047 3295 2232 3334 naves.
2299 3276 2451 3335 Curt.
2490 3281 2541 3345 9,

1415 3354 1470 3417 9,
1501 3353 1567 3403 13
1606 3351 1811 3404 clauda
1844 3354 1897 3404 et
1931 3351 2209 3433 inhabilia
2243 3350 2491 3419 naviyia.

1489 3424 1573 3476 15.
1611 3421 1961 3491 Anyrivarii,
1999 3420 2106 3474 wie
2144 3437 2230 3490 cp.
2258 3424 2346 3474 22.

1489 3489 1586 3547 25.
1635 3497 1685 3545 2.
1731 3481 1886 3546 Uber
1933 3492 2044 3546 den
2079 3490 2330 3561 Legaten
2369 3488 2542 3546 Silius

1420 3576 1463 3615 Β
1493 3578 1569 3756 ἒξ
1598 3567 1870 3758 ilsmglelrage
1917 3649 1964 3687 c.
2000 3633 2102 3686 inf.
2141 3633 2289 3688 auch
2326 3636 2412 3699 16,
2455 3635 2543 3698 28,

1420 3718 1528 3757 nac
1648 3721 1683 3758 a
1729 3722 1794 3757 us
1825 3747 1837 3759 .

1494 3778 1544 3829 8.
1573 3777 1845 3831 recludere
1870 3775 1949 3829 ist
1968 3773 2223 3842 poetisch
2239 3773 2356 3827 und
2374 3773 2544 3828 nach·

1419 3843 1717 3901 klassisch.
1777 3846 1905 3915 Vgl.
1934 3844 2092 3915 Virg.
2123 3843 2326 3915 Georg.
2356 3849 2407 3912 2,
2437 3849 2543 3897 423

1420 3915 1581 3971 tellus
1616 3918 1937 3973 recluditur.

1495 3991 1546 4041 9.
1592 3990 1905 4055 excindere,
1951 3987 2043 4042 ein
2081 3987 2324 4041 seltenes
2360 3983 2544 4052 Wort,

1423 4057 1572 4111 auch
1593 4063 1678 4126 12,
1699 4065 1783 4114 39.
1823 4058 1956 4114 hist.
1980 4061 2030 4126 5,
2054 4064 2150 4125 16,
2188 4056 2335 4111 doch
2372 4057 2546 4109 sehon

1423 4127 1519 4181 bei
1558 4128 1754 4184 Cicero
1801 4129 1909 4183 mit
1958 4128 2068 4183 den
2105 4099 2387 4207 O⁹bjekten
2420 4125 2545 4180 Nu·

1422 4201 1711 4270 mantiam,
1748 4201 1963 4267 urbem,
2000 4199 2228 4253 curiam.
2286 4195 2444 4266 Virg.
2477 4197 2544 4250 A.

1425 4273 1610 4337 9,137
1647 4272 1963 4327 sceleratam
1998 4269 2281 4324 excindere
2318 4273 2543 4338 qentem.
