2867 4625
350 63 482 129 236
1008 60 1360 118 CORNELII
1394 59 1635 115 TACITI
1671 59 2067 117 ANNALIUM

352 226 641 293 carmina
695 225 1109 291 factitantem
1157 223 1414 289 eludere
1471 225 1714 308 inpune
1761 225 2066 290 sinerent.
2147 224 2477 307 requirere
2523 246 2587 289 se
2628 226 2685 291 in

355 318 589 381 senatu
636 315 1057 398 consularem,
1104 314 1174 378 in
1211 313 1390 378 votis·
1421 312 1843 397 sacerdotem,
1889 313 1960 376 in
1994 311 2135 378 iure
2170 313 2452 378 iurando
2493 313 2688 398 civem,

352 405 483 470 nisi
519 407 747 470 contra
782 403 1086 468 instituta
1121 406 1190 467 et
1225 402 1654 468 caerimonias
1692 403 2013 468 maiorum
2049 401 2454 486 proditorem
2499 404 2690 487 palam

250 511 315 559 10
354 497 421 560 et
453 493 711 559 hostem
749 491 1040 557 Thrasea
1074 491 1411 556 induisset.
1477 490 1752 575 denique
1791 511 1984 577 agere
2022 492 2393 556 senatorem
2433 496 2502 556 et
2539 492 2690 577 prin·

355 582 518 666 cipis
556 582 1030 648 obtrectatores
1075 584 1420 665 protegere
1465 580 1694 645 solitus
1730 581 1999 663 veniret,
2046 583 2335 645 censeret
2384 580 2542 665 quid
2575 603 2687 646 cor·

350 671 482 757 rigi
526 674 642 737 aut
690 671 932 736 mutari
985 670 1209 735 vellet:
1267 669 1526 734 facilius
1579 670 1946 753 perlaturos
2000 668 2258 754 singula
2310 670 2691 754 increpantis

352 781 578 825 vocem
615 781 810 844 quam
838 780 1011 824 nunc
1040 759 1373 824 silentium
1410 758 1774 842 perferrent
1802 757 2022 823 omnia
2049 756 2450 824 damnantis.
2494 780 2691 842 pacem

353 849 450 913 illi
476 870 592 933 per
619 849 846 913 orbem
882 852 1115 931 terrae,
1153 870 1238 913 an
1263 848 1574 913 victorias
1604 847 1745 913 sine
1782 847 2021 912 damno
2055 847 2463 912 exercituum
2499 847 2690 931 displi-

250 953 316 1003 15
355 937 544 1003 cere‘?
599 958 679 1002 ne
718 937 1049 1004 hominem
1086 937 1277 1003 bonis
1313 936 1596 1020 publicis
1634 939 1984 1019 maestum,
2022 938 2089 1000 et
2124 936 2236 1021 qui
2271 936 2426 1001 fora
2461 936 2693 1001 theatra

354 1027 598 1110 templa
650 1047 768 1109 pro
817 1025 1163 1091 solitudine
1218 1025 1513 1108 haberet,
1571 1026 1682 1110 qui
1732 1025 2146 1091 minitaretur
2189 1025 2466 1089 exilium
2514 1047 2694 1108 suum,

355 1115 732 1180 ambitionis
777 1136 1016 1199 pravae
1063 1117 1434 1197 compotem
1479 1114 1786 1179 facerent.
1864 1135 1997 1179 non
2043 1113 2144 1178 illi
2190 1114 2500 1180 consulta
2540 1114 2691 1197 haec,

352 1225 488 1270 non
526 1203 951 1288 magistratus
990 1206 1105 1269 aut
1130 1203 1492 1268 Romanam
1518 1204 1748 1268 urbem
1775 1202 1997 1268 videri.
2055 1202 2486 1287 abrumperet
2520 1204 2692 1268 vitam

358 1293 443 1358 ab
481 1313 558 1357 ea
596 1293 877 1375 civitate,
914 1292 1097 1357 cuius
1134 1292 1474 1358 caritatem
1512 1292 1688 1377 olim,
1724 1313 1897 1358 nunc
1934 1295 2002 1357 et
2037 1295 2376 1375 aspectum
2419 1292 2692 1358 exuisset.

250 1382 335 1447 29
537 1380 701 1447 Cum
754 1403 872 1465 per
923 1381 1086 1447 haec
1142 1386 1338 1466 atque
1394 1381 1556 1446 talia
1599 1379 1983 1465 Marcellus,
2038 1384 2111 1446 ut
2168 1384 2308 1446 erat
2366 1386 2595 1447 torvus
2634 1402 2691 1445 ac

357 1470 603 1555 minax,
657 1492 813 1536 voce
858 1470 1043 1537 voltu
1090 1471 1292 1536 oculis
1339 1469 1730 1555 ardesceret,
1783 1492 1919 1535 non
1971 1470 2091 1535 illa
2133 1473 2290 1535 nota
2338 1475 2411 1536 et
2459 1470 2693 1537 celebri·

354 1562 493 1625 tate
546 1560 985 1645 periculorum
1040 1563 1227 1624 sueta
1280 1559 1412 1624 iam
1469 1562 1731 1624 senatus
1789 1558 2148 1643 maestitia,
2214 1560 2324 1624 sed
2384 1582 2596 1626 novus
2644 1562 2690 1623 et

356 1648 549 1714 altior
602 1670 806 1733 pavor
850 1669 1083 1713 manus
1130 1652 1199 1713 et
1249 1649 1383 1713 tela
1427 1648 1709 1713 militum
1764 1648 2209 1733 cernentibuS,
2263 1648 2468 1713 simul
2519 1648 2691 1733 ipsius

285 1753 317 1802 5
356 1735 683 1802 Thraseae
726 1737 1117 1801 venerabilis
1166 1737 1412 1820 species
1461 1738 1952 1821 obversabatur3
1999 1740 2067 1802 et
2109 1739 2295 1802 erant
2342 1738 2461 1822 qui
2501 1737 2690 1803 Helvi·

358 1823 537 1890 dium
572 1847 827 1910 quoque
855 1825 1339 1910 miserarentur,
1374 1826 1681 1892 innoxiae
1718 1826 2074 1892 adfinitatis
2110 1848 2357 1911 poenas
2399 1828 2687 1892 daturum.

355 1913 512 1998 quid
548 1912 916 2000 Agrippino
956 1914 1278 1980 obiectum
1317 1915 1447 1979 nisi
1482 1916 1736 1980 tristem
1777 1915 1982 2000 patris
2030 1915 2415 1981 fortunam?
2463 1914 2686 2002 quando

356 2005 423 2066 et
466 2003 576 2067 ille
621 2002 887 2086 perinde
933 2004 1245 2069 innocens
1292 2002 1540 2069 Tiberii
1588 2005 1862 2069 saevitia
1908 2003 2316 2070 concidisset.
2386 2006 2685 2070 enimvero

353 2089 743 2156 Montanum
788 2093 1034 2175 probae
1079 2093 1381 2158 iuventae
1427 2113 1637 2177 neque
1683 2093 1920 2159 famosi
1969 2094 2306 2178 carminis,
2364 2094 2523 2179 quia
2571 2113 2682 2178 pro-

251 2196 318 2246 10
353 2181 581 2246 tulerit
624 2181 989 2266 ingenium,
1033 2185 1355 2247 extorrem
1403 2181 1530 2266 agi.

248 2269 337 2335 30
533 2268 750 2355 Atque
796 2270 1057 2336 interim
1105 2270 1405 2337 Ostorius
1447 2268 1725 2337 Sabinus
1769 2270 2001 2338 Sorani
2048 2276 2395 2339 accusator
2441 2269 2684 2359 ingredi·

355 2362 463 2423 tur
510 2359 881 2444 orditurque
928 2359 1007 2425 de
1054 2360 1342 2426 amicitia
1385 2360 1675 2425 Rubellii
1721 2361 1965 2446 Plauti,
2016 2361 2315 2447 quodque
2363 2381 2680 2447 proconsu-

352 2447 560 2512 latum
607 2447 806 2514 Asiae
854 2446 1141 2514 Soranus
1187 2471 1305 2533 pro
1354 2449 1652 2514 claritate
1700 2450 1825 2515 sibi
1876 2451 2096 2535 potius
2141 2451 2680 2517 adcommodatum

354 2558 549 2621 quam
605 2559 683 2602 ex
736 2538 1017 2602 utilitate
1075 2538 1401 2603 communi
1456 2538 1723 2624 egisset,
1788 2540 2018 2605 alendo
2077 2539 2433 2606 seditiones
2488 2538 2677 2605 civita-

428 2752 475 2800 ’1.
514 2747 727 2803 eludere
773 2748 917 2803 ohne
958 2745 1171 2818 Objekt
1206 2749 1351 2805 efter
1385 2749 1479 2804 bei
1658 2747 1757 2805 29.
1824 2757 1872 2806 1.
1928 2767 2034 2820 per
2107 2752 2239 2806 haec
2311 2751 2447 2818 „bei
2517 2749 2678 2804 diesen

352 2815 485 2872 Tac.
541 2816 657 2872 und
713 2818 885 2874 sehon
942 2819 1055 2875 Cic.
1114 2818 1279 2875 Catil.
1331 2826 1380 2887 1,
1430 2827 1476 2876 1.

353 2887 475 2942 Liv.
515 2893 602 2957 37,
641 2895 728 2957 32,
769 2896 834 2944 11
873 2892 1085 2959 inpane
1120 2891 1349 2947 eludere.

426 2964 475 3015 8.
512 2961 858 3027 sacerdotem,
895 2961 1027 3017 weil
1058 2962 1309 3017 Thrasea
1346 2962 1476 3017 dem

351 3030 674 3099 Kollegium
736 3032 834 3086 der
882 3031 1324 3098 Quindecimviri
1379 3051 1475 3088 an·

351 3100 600 3170 gehorte.

427 3176 511 3225 10.
541 3172 649 3226 Mit
674 3187 831 3241 ayere
861 3179 1161 3228 senatorem
1196 3173 1338 3229 wird
1380 3175 1480 3230 der

351 3242 615 3297 Vorwurf
645 3244 1113 3314 ausgesprochen,
1151 3244 1275 3299 dass
1307 3244 1480 3301 Thra-

351 3329 447 3368 sea
494 3313 618 3367 sein
653 3314 791 3367 Amt
834 3332 939 3368 nur
982 3315 1090 3370 wie
1137 3316 1229 3371 ein
1269 3317 1477 3371 Schau-

349 3384 559 3454 spieler
588 3401 685 3437 zur
716 3384 1120 3457 Befriedigung
1136 3387 1318 3442 seines
1336 3389 1477 3443 Ehr-

347 3454 533 3525 geizes
569 3455 803 3510 benutzt
836 3457 1000 3512 habe.

424 3531 507 3581 18.
546 3527 867 3597 abrumpere
911 3529 1083 3593 vitam
1127 3530 1273 3585 nach
1314 3529 1474 3600 Virg.

347 3598 484 3653 Aen.
524 3603 574 3667 8,
612 3604 716 3654 579
764 3600 878 3653 und
925 3600 1032 3654 mit
1068 3601 1474 3672 vollstandiger

347 3670 583 3739 Angabe
623 3669 721 3725 des
756 3669 945 3725 Bildes
982 3669 1074 3727 bei
1110 3670 1252 3727 Plin.
1292 3688 1379 3743 ep.
1424 3680 1472 3744 1,

350 3746 436 3805 12,
474 3746 506 3794 8
554 3741 699 3795 vitae
743 3742 1054 3797 retinacula
1100 3744 1340 3814 abrupit.
1407 3744 1473 3799 In

345 3812 691 3880 pr‘agnanter
739 3810 1149 3868 Konstruktion
1198 3815 1301 3873 hat
1337 3815 1469 3871 Tac.

347 3882 493 3936 noch
557 3883 627 3938 ab
682 3900 749 3938 ea
802 3884 1022 3939 civitate
1083 3884 1470 3958 hinzugeffigt,

346 3952 482 4007 oder
539 3970 598 4007 es
654 3953 733 4008 ist
783 3972 889 4008 nur
943 3955 1034 4010 die
1090 3956 1472 4029 Verbannung

345 4023 609 4091 gemeint.
675 4023 788 4079 Der
832 4025 1129 4082 Ausdruck
1184 4045 1319 4098 mag
1372 4028 1469 4082 ab·

348 4092 608 4148 sichtlich
656 4096 948 4151 zweideuti
1038 4099 1156 4153 sein
1170 4140 1185 4165 ,
1243 4100 1317 4154 da
1371 4101 1471 4156 der

345 4161 634 4233 Anklager
650 4165 810 4221 nicht
827 4168 935 4222 wei
958 4188 1002 4236 s,
1030 4169 1244 4226 welche
1283 4169 1468 4227 Strafe

346 4232 597 4303 erfolgen
633 4235 788 4291 wird.

1586 2820 1834 2875 Reden“.

1657 2916 1708 2964 2.
1754 2911 2036 2966 celebritas
2087 2911 2168 2965 im
2217 2908 2390 2965 Sinne
2437 2927 2544 2965 von
2588 2922 2676 2963 cre-

1585 2982 1763 3036 britas
1798 2982 2058 3051 (welches
2096 2982 2399 3037 Rhenanus
2435 2981 2555 3037 hier
2584 2976 2674 3034 ein-

1585 3053 1781 3122 setzte)
1810 3053 1988 3108 findet
2014 3053 2134 3108 sich
2162 3053 2336 3109 sehon
2368 3052 2467 3108 bei
2495 3051 2673 3107 Cicero.

1660 3164 1709 3213 9.
1747 3159 1992 3226 famosus
2027 3158 2327 3230 anrtichig,
2376 3161 2547 3214 daher
2585 3170 2675 3211 von

1587 3229 1771 3285 einem
1799 3230 2078 3299 Pasquill‚
2116 3230 2221 3286 wie
2258 3233 2404 3286 auch
2445 3238 2492 3299 1,
2530 3234 2589 3284 72
2621 3226 2672 3280 li-

1594 3301 1736 3355 belli.
1804 3301 1954 3357 Suet.
1992 3300 2137 3372 Aug.
2177 3307 2261 3356 55.
2321 3301 2446 3357 Tib.
2484 3307 2548 3356 28
2580 3295 2669 3352 und

1586 3372 1759 3427 echon
1795 3373 1931 3427 Hor.
1968 3373 2131 3443 epist.
2173 3379 2221 3442 1,
2262 3379 2345 3442 19,
2385 3379 2453 3428 31
2493 3373 2670 3440 famoso

1584 3444 1841 3500 carmine.
1874 3475 1939 3484 —-
1969 3446 2222 3514 proferre
2251 3444 2530 3515 „zeigen“.
2565 3437 2667 3508 Vgl.

1585 3513 1737 3573 Suet.
1776 3516 1926 3570 Nero
1965 3521 2032 3570 25
2083 3517 2229 3586 quod
2262 3517 2328 3571 in
2364 3533 2427 3571 ea
2454 3515 2668 3585 primum

1582 3591 1753 3640 artem
1779 3587 2104 3656 protulerat.

1652 3726 1748 3783 30.
1799 3734 1847 3783 3.
1895 3745 2004 3799 pro
2041 3730 2308 3787 claritate.
2382 3730 2546 3784 Unter
2577 3725 2663 3804 den

1581 3798 2138 3856 Statthalteramtern
2165 3819 2281 3856 war
2308 3800 2408 3856 das
2434 3817 2538 3856 von
2553 3798 2663 3850 Asia

1579 3885 1670 3926 am
1710 3872 2170 3940 angesehensten.

1648 3965 1699 4015 4.
1757 3960 1952 4014 alendo
2006 3962 2312 4017 seditiones.
2386 3960 2510 4015 Dies
2548 3954 2657 4009 Ver-

1577 4030 1776 4086 fabren
1813 4036 1963 4086 ware
1998 4030 2223 4087 freilich
2259 4032 2404 4088 auch
2443 4031 2499 4085 in
2532 4027 2660 4083 einer

1576 4101 1862 4157 kleineren
1927 4102 2167 4159 Provinz
2241 4095 2654 4180 verbrecheriqoh

1575 4189 1859 4243 gewesen,
1898 4173 2034 4230 aber
2066 4174 2225 4230 nicht
2262 4192 2325 4231 so
2362 4165 2654 4242 erfolgrench

1576 4243 1690 4298 und
1726 4244 1819 4299 fiir
1857 4246 1965 4300 den
2003 4246 2168 4302 Staat
2203 4244 2518 4318 gesahrlich.
