2867 4625
1014 86 1238 141 LIBER
1273 88 1316 143 1.
1392 84 1546 142 GAP.
1581 93 1702 144 10-
1726 92 1809 142 12.
2503 86 2594 152 49

222 250 446 335 paucis
495 252 648 315 ante
685 250 888 333 annis,
934 271 1081 316 cum
1117 248 1382 315 Tiberio
1422 249 1849 315 tribuniciam
1884 252 2280 335 potestatem
2318 271 2358 315 a
2391 250 2594 334 patri-

223 340 346 403 bus
392 360 652 403 rursum
695 339 1092 425 postularet,
1147 360 1542 423 quamquam
1587 338 1841 405 honora
1886 340 2183 404 oratione
2193 389 2211 422 ,
2273 339 2589 423 quaedam

222 428 302 492 de
347 426 583 492 habitu
629 428 935 513 cultuque
982 431 1050 492 et
1093 427 1419 493 institutis
1468 427 1606 492 eius
1652 428 1921 513 iecerat,
1967 448 2133 512 quae
2178 428 2357 493 velut
2404 449 2587 494 excu·
2626 447 2698 497 30

227 516 432 581 sando
480 516 917 600 exprobraret.
991 520 1278 582 ceterum
1325 516 1664 601 sepultura
1710 538 1891 582 more
1935 515 2229 603 perfecta
2270 517 2591 601 templum

223 611 293 670 et
340 606 653 670 caelestes
696 606 1052 691 religiones
1098 606 1549 671 decernuntur.

404 693 653 759 Versae
689 695 839 759 inde
877 694 960 760 ad
998 695 1333 760 Tiberium
1377 715 1619 780 preces.
1694 698 1761 759 et
1803 694 1914 759 ille
1959 694 2144 759 varia
2189 694 2589 759 edisserebat
2613 698 2689 761 11

224 783 308 848 de
367 783 813 869 magnitudine
872 784 1160 868 imperii,
1225 805 1343 847 sua
1406 782 1759 847 modestia:
1828 783 2036 848 solam
2101 782 2236 847 divi
2301 782 2588 868 Augusti

225 877 511 937 mentem
554 875 780 937 tantae
825 874 1018 939 molis
1065 893 1399 958 capacem3
1454 894 1524 937 se
1570 871 1639 936 in
1684 876 1940 956 partem
1987 892 2290 937 curarum
2337 871 2421 936 ab
2468 871 2585 937 illo

225 965 533 1026 vocatum
577 962 962 1045 experiendo
1010 961 1312 1026 didicisse
1358 982 1554 1047 quam
1612 961 1911 1040 arduum,
1966 982 2170 1045 quam
2223 959 2586 1025 subiectum

224 1049 531 1115 fortunae
564 1051 836 1134 regendi
873 1054 1107 1116 cuncta
1145 1071 1326 1115 onus.
1398 1048 1673 1133 proinde
1722 1050 1791 1114 in
1840 1049 2103 1114 civitate
2150 1051 2256 1113 tot
2298 1048 2586 1113 inlustri·
2625 1068 2660 1116 5

224 1139 348 1204 bus
393 1139 555 1203 viris
603 1140 877 1204 subnixa
921 1161 1058 1205 non
1103 1140 1186 1204 ad
1232 1160 1433 1203 unum
1480 1139 1703 1204 omnia
1750 1138 2103 1203 deferrent:
2166 1138 2385 1221 plures
2432 1136 2588 1202 faci·

224 1228 355 1292 lius
411 1229 636 1291 munia
689 1229 784 1292 rei
837 1229 1137 1312 publicae
1193 1228 1458 1293 sociatis
1513 1228 1853 1293 laboribus
1913 1229 2346 1292 exsecuturos.
2437 1226 2588 1309 plus

224 1317 292 1380 in
331 1318 629 1382 oratione
666 1317 787 1381 tali
824 1317 1167 1402 dignitatis
1208 1338 1402 1402 quam
1437 1316 1591 1381 fidei
1629 1319 1788 1400 erat,
1832 1315 2221 1399 Tiberioque
2275 1314 2476 1380 etiam
2520 1314 2592 1377 in

223 1405 421 1471 rebus
478 1428 641 1490 quas
693 1427 826 1471 non
883 1407 1231 1489 occuleret,
1290 1427 1406 1470 seu
1458 1408 1697 1470 natura
1754 1405 1889 1469 sive
1944 1403 2396 1489 adsuetudine,
2451 1424 2588 1467 sus-

222 1516 431 1579 pensa
484 1516 743 1580 semper
795 1498 862 1559 et
915 1495 1193 1560 obscura
1246 1493 1471 1578 verba3
1525 1498 1683 1559 tunc
1735 1514 1891 1558 vero
1945 1493 2184 1557 nitenti
2229 1494 2303 1556 ut
2361 1514 2586 1557 sensus
2628 1509 2700 1558 10

224 1605 378 1648 suos
425 1584 685 1667 penitus
733 1583 1025 1667 abderet,
1077 1585 1150 1648 in
1196 1584 1519 1648 incertum
1564 1586 1631 1647 et
1676 1581 2057 1666 ambiguum
2101 1581 2318 1667 magis
2364 1580 2585 1664 impli-

221 1673 563 1737 cabantur.
654 1675 724 1737 at
774 1676 995 1757 patres
1004 1723 1022 1756 ,
1075 1672 1312 1757 quibus
1368 1693 1536 1737 unus
1591 1673 1808 1735 metus
1866 1670 1923 1734 si
1978 1670 2361 1754 intellegere
2404 1668 2575 1735 vide·

222 1765 471 1845 rentur,
516 1762 586 1825 in
633 1765 900 1845 questus
947 1762 1248 1827 lacrimas
1293 1764 1452 1825 vota
1497 1759 1764 1845 effundi3
1812 1760 1892 1824 ad
1941 1758 2126 1842 deos,
2172 1757 2255 1823 ad
2304 1758 2587 1844 effigiem

222 1850 534 1936 Augusti,
581 1850 664 1914 ad
700 1870 913 1934 genua
949 1851 1156 1935 ipsius
1193 1871 1426 1915 manus
1464 1848 1751 1929 tendere,
1796 1869 1941 1913 cum
1976 1846 2254 1933 proferri
2290 1846 2587 1911 libellum

220 1940 614 2023 recitarique
641 1938 850 2004 iussit.
917 1961 1073 2022 opes
1109 1939 1406 2023 publicae
1445 1938 1968 2021 continebantur,
2005 1940 2318 2021 quantum
2348 1936 2584 2001 civium
2627 1953 2695 2001 15

219 2030 679 2112 sociorumque
724 2028 796 2093 in
842 2028 1064 2111 armis,
1112 2031 1271 2113 quot
1315 2028 1581 2111 classes,
1623 2045 1850 2111 regna,
1893 2025 2293 2110 provinciae,
2337 2024 2588 2089 tributa

218 2120 340 2181 aut
385 2116 753 2200 vectigalia,
804 2121 870 2181 et
913 2119 1331 2182 necessitates
1379 2119 1447 2181 et
1491 2116 1894 2202 largitiones.
1983 2135 2147 2198 quae
2194 2117 2426 2178 cuncta
2471 2134 2590 2177 sua

219 2228 424 2271 manu
468 2206 937 2309 perscripserat
970 2205 1310 2290 Augustus
1358 2204 1817 2288 addideratque
1862 2203 2210 2269 consilium
2252 2201 2588 2267 coercendi

217 2297 399 2361 intra
441 2295 760 2361 terminos
804 2295 1093 2380 imperii,
1136 2295 1455 2360 incertum
1500 2297 1681 2359 metu
1725 2315 1808 2357 an
1852 2313 1969 2378 per
2012 2290 2342 2357 invidiam.

401 2384 586 2449 Inter
632 2405 795 2469 quae
842 2389 1075 2449 senatu
1122 2383 1205 2448 ad
1257 2384 1518 2448 infimas
1575 2383 2045 2447 obtestationes
2100 2380 2582 2464 procumbente,
2611 2383 2694 2446 12

219 2473 389 2538 dixit
424 2472 596 2539 forte
625 2473 925 2538 Tiberius
965 2495 1034 2537 se
1070 2475 1146 2538 ut
1179 2495 1313 2538 non
1348 2473 1476 2537 toti
1511 2471 1609 2536 rei
1645 2471 1940 2554 publicae
1977 2490 2217 2554 parem,
2257 2469 2351 2533 ita
2390 2489 2583 2554 quae-

215 2584 501 2646 cumque
544 2584 699 2647 pars
748 2562 877 2628 sibi
923 2562 1356 2644 mandaretur,
1403 2562 1542 2626 eius
1579 2560 1857 2624 tutelam
1896 2560 2363 2642 suscepturum.
2436 2561 2586 2621 tum

216 2650 495 2717 Asinius
543 2651 768 2716 Gallus
816 2648 1219 2736 interrogo'
1274 2650 1518 2735 inquit,
1574 2646 1875 2731 ‘Caesar,
1930 2668 2126 2731 quam
2179 2650 2433 2729 partem
2487 2646 2583 2710 rei

292 2849 382 2898 28.
421 2844 632 2898 tribua.
660 2848 780 2912 pot.
817 2843 935 2914 vgl.
965 2859 1053 2912 cp.
1083 2848 1133 2897 3.

291 2921 383 2970 29.
422 2901 577 2969 Uber
611 2915 851 2969 honorus
888 2932 933 2969 s.
963 2933 1007 2967 2.
1037 2919 1088 2983 3,
1118 2921 1168 2969 5.

291 2992 381 3040 30.
433 2987 647 3041 habitu.
724 2987 838 3041 Das
888 2984 1214 3040 Benehmen
1259 2984 1357 3038 des

216 3057 483 3112 Tiberius
534 3056 808 3111 schildert
857 3056 1072 3111 Sueton
1121 3056 1206 3109 als
1260 3055 1359 3109 ab·

217 3128 496 3196 stossend,
532 3126 879 3196 anmal'send,
916 3127 1221 3197 wortkarg.

291 3198 394 3253 11.
446 3204 495 3254 1.
544 3197 804 3254 Tiberius
841 3214 960 3251 war
995 3198 1048 3252 d.
1092 3203 1175 3252 17.
1213 3197 1355 3252 Now

218 3275 291 3324 42
322 3269 594 3341 geboren,
634 3270 755 3324 also
777 3270 923 3339 jetzt
951 3275 1020 3324 56
1049 3268 1223 3322 Jahre
1251 3267 1350 3322 alt.

219 3338 432 3396 Seinen
487 3339 802 3395 Charakter
853 3339 1126 3396 schildert
1167 3340 1355 3408 Peter,

220 3412 431 3467 Gesch.
459 3411 637 3466 Rome
664 3410 760 3480 111,
792 3417 892 3466 139
907 3411 985 3481 fg.

298 3490 353 3538 2.
383 3481 550 3538 Nach
580 3481 801 3537 Cassius
828 3481 937 3537 Dio
965 3479 1356 3551 entechuldigt

218 3571 283 3608 61·
340 3553 466 3608 61611
517 3554 625 3607 mit
676 3552 889 3608 seinem
940 3553 1356 3622 vorgerfickten

216 3624 385 3680 Alter
418 3626 537 3679 und
575 3624 759 3679 seiner
793 3624 1306 3706 Augenschwache.

274 3702 511 3822 admon,
539 3694 674 3750 weil
699 3713 804 3749 nur
830 3697 907 3750 ad
931 3712 1109 3750 wmaem
1133 3693 1360 3765 negiert

218 3786 322 3822 wir

295 3844 381 3892 12.
421 3842 596 3892 metus
630 3837 684 3892 si
718 3855 823 3891 nur
858 3839 1006 3892 noch
1047 3842 1132 3907 16,
1171 3841 1223 3891 5.
1286 3835 1359 3890 So

214 3909 400 3964 findet
428 3907 554 3962 sich
582 3910 636 3962 si
660 3907 822 3962 nicht
849 3907 994 3963 bloss
1022 3879 1170 3962 nach
1189 3908 1361 3962 miror

221 3981 335 4033 und
373 3981 583 4034 mirum
619 3984 712 4047 est,
752 3980 992 4034 sondern
1028 3980 1174 4033 auch
1213 3979 1359 4033 nach

218 4057 519 4106 commotus
586 4050 706 4106 Liv.
759 4056 789 4104 7
805 4091 819 4118 ,
866 4056 953 4107 31.
1026 4052 1360 4120 indiynatus

225 4122 373 4177 cart.
394 4130 448 4191 6,
471 4127 523 4190 5,
548 4127 632 4175 11.
691 4123 994 4190 castiyatus
1028 4121 1174 4177 Just
1199 4126 1285 4188 18,
1307 4127 1356 4175 6.

224 4224 293 4233 -
327 4195 380 4249 ei
426 4194 604 4250 intell.
641 4194 973 4248 viderentur.
1052 4192 1159 4247 Dio
1198 4197 1285 4259 57,
1327 4197 1355 4246 1

223 4260 489 4336 ὠργίζετο
546 4264 611 4319 εἴ
651 4283 734 4326 τις
784 4259 962 4319 αὐτοῦ
1013 4262 1202 4326 συνεὶς
1248 4282 1356 4332 φα-

329 4364 436 4404 Tac.
466 4363 636 4405 Amal.
675 4364 713 4403 Ι.

1466 2836 1632 2907 vapos·
1678 2835 1931 2928 ἐγένετο,
1980 2837 2078 2892 καὶ
2113 2834 2370 2904 πολλούς,
2409 2834 2586 2892 οὐδὲν

1466 2908 1601 2966 ἄλλο
1648 2913 1843 2980 σφίσιν
1888 2905 1925 2980 ἢ
1963 2929 2052 2964 οτι
2098 2905 2448 3001 συνενόησαν
2487 2902 2589 2963 αὖ·

1465 2979 1567 3038 τὸν
1606 2977 1908 3052 ἐγκαλέσαι
1944 2979 2107 3050 ἔχων,
2144 2978 2497 3036 ἀπέκτεινεν.

1542 3059 1626 3108 17.
1670 3055 2011 3109 necessitates
2055 3051 2115 3105 in
2161 3052 2373 3106 diesem
2411 3050 2582 3106 Sinne

1467 3124 1640 3179 6611611
1690 3124 1782 3179 bei
1833 3123 2159 3178 Klassikem
2211 3123 2329 3177 und
2379 3121 2588 3191 Livius,

1466 3198 1613 3250 auch
1650 3202 1709 3264 2,
1748 3200 1834 3252 27.
1889 3200 1981 3263 11,
2019 3199 2105 3251 37.
2144 3222 2213 3235 --
2250 3194 2583 3263 laryitiones.

1461 3266 1663 3321 Ausser
1707 3267 1817 3320 den
1865 3266 1941 3335 Sp
1944 3266 2126 3320 enden
2172 3282 2246 3319 an
2299 3265 2401 3319 das
2437 3263 2585 3318 Volk

1461 3338 1622 3393 hatte
1641 3354 1703 3392 er
1724 3354 1801 3391 an
1820 3336 2154 3418 dieJenigen,
2175 3336 2347 3391 deren
2365 3334 2583 3389 Grund-

1462 3408 1661 3464 stficke
1717 3425 1779 3463 er
1832 3407 2025 3462 seinen
2081 3407 2396 3462 Veteranen
2450 3407 2586 3476 gab.

1464 3483 1611 3535 etwa
1659 3485 1761 3533 150
1796 3478 2092 3533 Millionen
2126 3475 2291 3532 Mark
2339 3477 2583 3548 gezahlt.

1463 3621 1503 3676 h
1544 3556 1626 3607 19.
1662 3555 1809 3605 metu
1830 3555 1921 3606 ctt.
1959 3549 2255 3636 Vielmehr
2280 3564 2380 3603 aus
2402 3547 2583 3604 Weis-

1506 3623 1601 3676 eit.

1540 3691 1638 3747 12.
1672 3698 1719 3747 1.
1747 3691 1905 3747 Inter
1931 3708 2070 3762 quae
2094 3691 2287 3761 haufig
2313 3691 2406 3747 bei
2435 3692 2568 3749 Tac.
2554 3735 2590 3762 .,

1469 3765 1580 3819 seit
1615 3762 1821 3833 Livius.

1540 3841 1589 3889 2.
1641 3850 2003 3905 quaecumque
2043 3849 2200 3903 pare.
2271 3833 2435 3890 Nach
2480 3835 2587 3891 Dio

1493 3911 1578 3975 57,
1608 3907 1662 3970 2)
1703 3905 1943 3960 erbietet
1978 3921 2040 3959 er
2075 3904 2211 3972 sich,
2249 3906 2342 3960 ein
2378 3904 2587 3962 Drittel

1509 3993 1570 4032 er
1622 3975 1989 4047 Verwaltung
2052 3994 2119 4030 211
2181 3977 2584 4035 fibemehmen.

1468 4047 1752 4102 entweder
1778 4048 1923 4103 Rom
1950 4048 2066 4102 und
2091 4047 2294 4104 Italien
2323 4049 2459 4103 oder
2494 4050 2588 4106 die

1466 4122 1667 4174 Armee
1707 4119 1842 4174 oder
1878 4118 1970 4173 die
2005 4119 2333 4175 Provinzen.

1537 4185 2463 4277 4.1ἠι6ννορο.1)16.1.6.ἕλοῦ
2508 4185 2588 4262 ἣν

1466 4254 1541 4315 ἂν
1581 4257 1858 4331 ἐθελήσῃς
1893 4266 2113 4369 potentat.

2129 4353 2163 4400 4
