2867 4625
385 130 517 196 226
673 79 688 132 '⁶
1047 130 1390 187 CORNELII
1427 130 1674 186 TACITI
1707 129 2103 187 ANNALIUM

281 295 366 360 12
564 293 633 360 Ρ.
682 293 909 359 Gallus
967 316 1164 379 eques
1209 292 1572 377 Romanus,
1628 294 1801 378 quod
1844 293 2089 360 Faenio
2136 293 2306 359 Rufo
2356 294 2605 360 intimus
2643 299 2697 360 et

386 384 615 450 Veteri
659 405 793 449 non
839 384 1087 448 alienus
1133 383 1364 468 fuerat,
1412 405 1583 467 aqua
1627 386 1819 467 atque
1866 384 2007 468 igni
2050 383 2418 468 prohibitus
2463 387 2573 450 est.
2634 385 2692 450 li·

384 474 572 538 berto
640 477 708 540 et
769 472 1129 538 accusatori
1194 472 1553 556 praemium
1610 493 1845 556 operae
1899 473 2080 538 locus
2137 473 2208 537 in
2259 472 2513 539 theatro
2559 474 2699 538 inter

384 562 670 627 viatores
716 561 1101 627 tribunicios
1149 560 1355 626 datur.
1429 565 1496 625 et
1540 582 1796 626 menses
1844 561 1958 645 qui
2000 559 2296 646 Aprilem
2345 561 2697 647 eundemque

313 668 347 718 ὅ
383 649 757 716 Neroneum
805 651 1263 735 sequebantur,
1312 648 1524 715 Maius
1563 647 1834 732 Claudii,
1878 649 2104 715 Iunius
2144 649 2508 716 Germanici
2545 673 2697 717 voca·

383 739 558 805 bulis
617 742 981 824 mutantur,
1037 739 1427 805 testificante
1475 736 1777 805 Cornelio
1798 807 1806 814 ,
1825 737 2059 824 Orfito,
2115 739 2225 824 qui
2270 739 2337 804 id
2384 744 2699 824 censuerat,

384 828 531 893 ideo
579 827 837 894 Iunium
882 850 1170 893 mensem
1215 827 1697 913 transmissum,
1743 828 1896 912 quia
1944 828 2070 894 duo
2116 830 2249 893 iam
2296 828 2596 913 Torquati
2633 830 2696 894 ob

386 919 630 983 scelera
674 917 1000 983 interfecti
1044 917 1403 982 infaustum
1448 938 1689 982 nomen
1732 915 1993 982 Iunium
2035 917 2368 983 fecissent.

283 1015 365 1080 13
563 1006 693 1071 Tot
736 1005 1136 1072 facinoribus
1180 1006 1442 1071 foedum
1490 1027 1732 1071 annum
1779 1007 1979 1071 etiam
2025 1006 2092 1071 di
2138 1007 2620 1091 tempestatibus
2648 1011 2699 1071 et
2762 1055 2763 1058 η

384 1096 629 1161 morbis
674 1096 1091 1180 insignivere.
1179 1098 1441 1160 vastata
1486 1092 1847 1183 Campania
1890 1095 2156 1161 turbine
2206 1099 2568 1177 ventorum,
2613 1096 2696 1180 qui

384 1185 573 1249 villas
621 1185 890 1250 arbusta
933 1183 1160 1268 fruges
1206 1184 1453 1269 passim
1500 1183 1754 1249 disiecit
1797 1184 2196 1270 pertulitque
2241 1184 2605 1251 violentiam
2635 1184 2697 1248 ad

383 1274 599 1338 vicina
661 1273 836 1359 urbi3
899 1273 968 1338 in
1033 1295 1161 1358 qua
1224 1294 1416 1339 omne
1477 1273 1850 1338 mortalium
1908 1294 2116 1359 genus
2172 1274 2271 1339 vis
2331 1274 2695 1358 pestilentiae
2762 1355 2763 1360 ἵ

313 1388 347 1437 5
385 1362 931 1447 depopulabatur,
982 1363 1167 1427 nulla
1214 1363 1377 1428 caeli
1422 1362 1833 1447 intemperie,
1891 1383 2057 1446 quae
2104 1366 2475 1428 occurreret
2518 1361 2696 1428 oculis.

386 1452 494 1517 sed
555 1452 785 1516 domus
840 1451 1220 1536 corporibus
1268 1450 1615 1535 exanimis,
1667 1451 1903 1516 itinera
1947 1451 2287 1517 funeribus
2336 1452 2696 1535 compleban-

382 1545 519 1625 tur3
573 1562 707 1605 non
754 1562 971 1625 sexus,
1027 1562 1165 1606 non
1209 1544 1390 1605 aetas
1437 1540 1725 1624 periculo
1773 1562 2004 1625 vacua3
2052 1540 2321 1606 servitia
2365 1539 2617 1625 perinde
2651 1541 2697 1603 et

383 1630 669 1714 ingenua
721 1630 943 1714 plebes
995 1630 1237 1713 raptim
1283 1629 1604 1715 extingui,
1658 1628 1830 1694 inter
1876 1631 2225 1715 coniugum
2273 1633 2343 1694 et
2389 1630 2693 1694 liberorum

382 1718 694 1803 lamenta,
761 1719 874 1803 qui
929 1718 1081 1782 dum
1138 1718 1459 1800 adsident,
1518 1718 1673 1783 dum
1728 1717 1992 1803 deflent,
2049 1740 2240 1804 saepe
2298 1719 2525 1784 eodem
2573 1737 2693 1802 rogo

279 1833 345 1882 10
384 1807 856 1872 cremabantur.
947 1806 1238 1891 equitum
1294 1811 1793 1892 senatorumque
1847 1807 2179 1892 interitus,
2238 1809 2538 1893 quamvis
2587 1827 2694 1890 pro·
2762 1827 2763 1882 1

382 1896 595 1980 misci,
666 1896 882 1961 minus
946 1896 1196 1961 flebiles
1260 1901 1473 1980 erant,
1549 1899 1886 1981 tamquam
1953 1898 2284 1962 communi
2349 1897 2695 1962 mortalitate

384 1984 725 2049 saevitiam
769 1985 1080 2070 principis
1124 1986 1597 2069 praevenirent.

558 2073 808 2140 Eodem
837 2096 1011 2139 anno
1042 2073 1312 2139 dilectus
1341 2096 1459 2159 per
1489 2073 1773 2139 Galliam
1802 2073 2296 2140 Narbonensem
2325 2074 2693 2157 Africamque

384 2166 451 2228 et
485 2161 715 2228 Asiam
761 2162 974 2229 habiti
1021 2166 1177 2228 sunt
1219 2163 1596 2250 supplendis
1633 2162 1919 2248 Illyricis
1956 2163 2349 2249 legionibus,
2395 2186 2475 2229 ex
2511 2162 2691 2248 quibus

279 2277 344 2328 15
383 2255 595 2318 aetate
663 2256 777 2319 aut
837 2251 1205 2319 valetudine
1268 2252 1426 2319 fessi
1484 2256 1897 2321 sacramento
1956 2252 2399 2319 solvebantur.
2500 2251 2691 2318 cladem

380 2339 879 2427 Lugdunensem
943 2342 1374 2428 quadragiens
1440 2342 1744 2409 sestertio
1810 2342 2057 2408 solatus
2116 2345 2217 2407 est
2270 2344 2594 2427 princeps,
2640 2341 2694 2403 ut
2760 2352 2761 2357 ’

384 2432 625 2496 amissa
669 2432 814 2497 urbi
859 2434 1272 2516 reponerent3
1320 2453 1518 2516 quam
1552 2433 1895 2517 pecuniam
1929 2430 2404 2516 Lugdunenses
2444 2436 2583 2496 ante
2612 2428 2691 2493 ob-

380 2520 670 2585 tulerant
715 2520 894 2586 urbis
942 2520 1217 2586 casibus,

227 2668 233 2674 .
275 2620 364 2683 14
563 2607 631 2674 O.
670 2607 981 2675 Suetonio
1018 2606 1256 2675 Luccio
1296 2608 1600 2674 Telesino
1639 2609 2018 2675 consulibus
2044 2607 2383 2675 Antistius
2415 2608 2695 2685 Sosianus

455 2817 550 2878 12.
599 2824 647 2873 2.
701 2819 855 2875 Statt
891 2820 1179 2888 prohibere
1222 2818 1285 2872 in
1320 2818 1505 2875 dieser
1617 2825 1699 2888 14,
1740 2827 1770 2874 7
1807 2821 1924 2875 nisi
1948 2822 2374 2890 praevenio-etwi-
2401 2818 2692 2889 Aqrippina
2758 2800 2759 2859 ἦ

378 2890 591 2945 Phi-ase
617 2889 720 2945 hat
738 2890 965 2946 Tacitus
992 2893 1149 2946 sonst
1169 2907 1350 2947 arcere
1369 2890 1506 2946 oder
1610 2892 1726 2946 Das
1777 2889 1973 2947 Passiv
2025 2897 2365 2961 praeventus
2425 2891 2553 2947 Sall.
2599 2887 2695 2955 Jug.

379 2961 716 3017 interdicere.
756 2992 823 3001 —
861 2963 1051 3017 liberto
1087 2967 1138 3017 et
1178 2963 1503 3018 accusatori.
1614 2968 1699 3030 71,
1738 2968 1788 3018 5.

380 3032 501 3086 Nur
553 3031 892 3088 Fortunatus
948 3033 1074 3115 ςΚΡ-
1135 3033 1223 3103 10)
1279 3033 1358 3088 ist
1410 3050 1504 3103 se·
1688 3057 1773 3106 14.
1818 3051 2086 3122 Illyricis.
2153 3052 2232 3106 za
2267 3051 2504 3120 lllyrien
2537 3049 2694 3120 geher-

381 3103 585 3170 meinf»,
622 3103 779 3185 nich&
812 3103 1134 3159 Demlfflmss·
1253 3173 1266 3185 ,
1611 3124 1710 3178 ten
1758 3122 1868 3177 seit
1902 3124 2191 3194 Augustus
2231 3123 2384 3178 auch
2406 3118 2693 3178 ‘Dalmatien

442 3180 501 3256 06.
541 3173 830 3229 Cornelius
864 3174 1070 3230 Orfitus
1107 3191 1224 3229 war
1249 3192 1328 3228 im
1354 3174 1404 3229 J.
1435 3179 1503 3229 51
1612 3193 1729 3247 und
1776 3194 1866 3249 die
1902 3193 2213 3250 provimen
2257 3210 2331 3250 an
2370 3195 2473 3249 del.
2505 3194 2693 3248 unm-0„

379 3246 488 3299 m1t
500 3244 701 3300 Kaiser
714 3243 980 3299 Claudius
999 3245 1212 3300 Konsul
1230 3261 1504 3314 gcwesen.
1611 3265 1826 3320 Dona„-

455 3321 518 3399 τ’·
559 3317 941 3371 brammiaeum
993 3318 1133 3399 statt
1177 3318 1432 3400 mim-‘mn
1477 3334 1506 3372 ε
1686 3359 1771 3409 16.
1830 3354 1991 3409 Nach
2048 3355 2259 3410 Seneca
2302 3355 2376 3424 (K
2420 3398 2431 3411 .
2478 3356 2561 3422 91)
2607 3364 2695 3402 war

375 3386 1505 3530 {⁶335z...ffirmffffsbzaa⁸333&
1612 3424 1955 3508 ewam
2000 3425 2198 3495 σηοω
2243 3426 2323 3480 im
2364 3374 2416 3481 ἒ
2564 3426 2691 3501 ...2-

419 3523 423 3528 ’
1610 3495 2202 3636 ἒῖοὲὅῗῖἷῗξὲιὲῗὲὶ.
2239 3498 2388 3623 ἓξὲξ
2423 3497 2691 3640 ἒξῄέωέιῇἶ

1611 3637 1741 3692 weil
1779 3637 1862 3693 sie
1896 3638 2253 3709 inzwischen,
2288 3641 2435 3694 trotz
2470 3638 2607 3692 ihrer
2631 3648 2690 3686 61·

1608 3724 1793 3833 ssenen
1830 3710 2117 3777 Verluste,
2159 3711 2306 3766 nach
2343 3711 2472 3765 dem
2505 3702 2691 3779 grossen

1654 3781 1827 3836 rande
1873 3781 2045 3837 Roms
2094 3780 2489 3851 Geldbeitrage
2536 3777 2689 3844 einge-

1608 3853 1777 3907 sandt
1809 3852 1987 3908 hatte.
2754 3870 2755 3895 ³

453 3600 552 3657 13.
599 3605 648 3655 ὅ.
697 3602 836 3656 caeli
877 3602 1220 3671 intemperies
1261 3604 1375 3658 erst
1411 3601 1504 3656 bei

377 3671 600 3741 Livius,
635 3673 988 3741 intemperiae
1022 3671 1118 3728 bei
1155 3672 1312 3729 Cato.

452 3750 501 3799 7.
541 3744 777 3813 perinde
822 3748 897 3810 et,
943 3743 1048 3798 wie
1096 3750 1148 3813 2,
1196 3751 1227 3799 2
1269 3745 1504 3814 perinde

376 3816 565 3870 odiwm
595 3815 790 3885 pravis
817 3820 867 3869 et
891 3815 1142 3870 honestis.
1186 3815 1317 3871 hist.
1348 3821 1401 3885 4,
1428 3820 1498 3870 43

367 3888 604 3955 perinde
657 3887 807 3942 dives
852 3890 904 3941 et
948 3887 1253 3957 eloquentia
1297 3888 1497 3943 clarus.

381 3957 552 4011 Sonat
585 3958 677 4012 bei
715 3956 845 4013 Tac.
882 3955 992 4011 mit
1028 3973 1121 4024 ae,
1156 3964 1344 4028 atque,
1380 3975 1498 4028 que.
2182 4018 2186 4023 ,

431 4033 537 4106 ⁵11.
600 4034 880 4098 tamquam
944 4028 1054 4096 „da
1107 4026 1188 4084 sie
1237 4029 1353 4098 ja“.
1443 4028 1497 4084 S.
1678 4026 1774 4084 14.
1835 4036 1882 4084 1.
1920 4015 2074 4085 Uber
2112 4029 2408 4086 Suetonius
2443 4023 2688 4103 Pauth

377 4096 525 4152 Eml.
563 4103 608 4164 §-
650 4105 734 4153 95.
774 4130 842 4140 —-
881 4101 1153 4155 commwni
1187 4100 1373 4168 „allen
1399 4115 1498 4169 ge·
1607 4100 1706 4154 der
1732 4099 1813 4155 im
1840 4100 1889 4155 J.
1922 4107 1988 4156 61
2018 4101 2077 4156 in
2100 4101 2425 4157 Britannien
2449 4093 2687 4174 befehligt

380 4168 676 4236 meinsam,
714 4169 1122 4240 gewohnlich“.
1606 4171 1790 4238 hatte,
1857 4189 1901 4227 s.
1957 4191 2024 4228 zu
2087 4179 2172 4241 14,
2228 4178 2314 4228 29.
2372 4202 2434 4211 —
2487 4169 2684 4245 Lucciuss

452 4243 537 4294 12.
574 4241 899 4307 praevenire
943 4242 1050 4296 mit
1094 4242 1221 4296 dem
1257 4241 1498 4296 Accusa-
1606 4242 1899 4298 Telesinus
1928 4244 2067 4300 wird
2096 4247 2286 4315 spater
2311 4260 2417 4299 von
2433 4237 2684 4295 Domitian

379 4304 465 4361 tiv
490 4307 666 4364 findet
692 4309 815 4365 sich
842 4313 957 4366 erst
982 4311 1089 4368 seit
1113 4311 1320 4369 Livius.
1363 4312 1495 4384 Vgl.
1607 4314 1899 4372 verbannt.
