<?xml version="1.0" encoding="UTF-8"?>
<!DOCTYPE html PUBLIC "-//W3C//DTD XHTML 1.0 Transitional//EN"
    "http://www.w3.org/TR/xhtml1/DTD/xhtml1-transitional.dtd">
<html xmlns="http://www.w3.org/1999/xhtml" xml:lang="en" lang="en">
 <head>
  <title>
</title>
<meta http-equiv="Content-Type" content="text/html;charset=utf-8" />
  <meta name='ocr-system' content='tesseract 3.04.00' />
  <meta name='ocr-capabilities' content='ocr_page ocr_carea ocr_par ocr_line ocrx_word'/>
</head>
<body>
  <div class='ocr_page' id='page_1' title='image "./dieannalendesta00draegoog_0293.png"; bbox 0 0 2867 4625; ppageno 0'>
   <div class='ocr_carea' id='block_1_1' title="bbox 1040 121 2635 188">
    <p class='ocr_par' dir='ltr' id='par_1_1' title="bbox 1040 121 2635 188">
     <span class='ocr_line' id='line_1_1' title="bbox 1040 121 2635 188; baseline 0.004 -9"><span class='ocrx_word' id='word_1_1' title='bbox 1040 122 1262 179; x_wconf 78' lang='lat' dir='ltr'>LIBER</span> <span class='ocrx_word' id='word_1_2' title='bbox 1291 122 1384 179; x_wconf 87' lang='lat' dir='ltr'><strong>VI.</strong></span> <span class='ocrx_word' id='word_1_3' title='bbox 1444 122 1601 181; x_wconf 80' lang='lat' dir='ltr'><strong>GAP.</strong></span> <span class='ocrx_word' id='word_1_4' title='bbox 1640 128 1869 179; x_wconf 79' lang='lat'><strong>29—30.</strong></span> <span class='ocrx_word' id='word_1_5' title='bbox 2508 121 2635 188; x_wconf 79' lang='lat'><strong>281</strong></span> 
     </span>
    </p>
   </div>
   <div class='ocr_carea' id='block_1_2' title="bbox 286 284 2752 2238">
    <p class='ocr_par' dir='ltr' id='par_1_2' title="bbox 286 284 2752 814">
     <span class='ocr_line' id='line_1_2' title="bbox 294 284 2643 372; baseline -0 -21"><span class='ocrx_word' id='word_1_6' title='bbox 294 286 610 352; x_wconf 76' lang='lat' dir='ltr'><strong>occultius</strong></span> <span class='ocrx_word' id='word_1_7' title='bbox 674 286 1042 370; x_wconf 83' lang='lat' dir='ltr'><strong>exercebat3</strong></span> <span class='ocrx_word' id='word_1_8' title='bbox 1116 286 1566 371; x_wconf 73' lang='lat' dir='ltr'><strong>detuleratque</strong></span> <span class='ocrx_word' id='word_1_9' title='bbox 1642 289 2098 370; x_wconf 85' lang='lat' dir='ltr'><strong>argumentum</strong></span> <span class='ocrx_word' id='word_1_10' title='bbox 2157 284 2538 372; x_wconf 84' lang='lat' dir='ltr'><strong>tragoediae</strong></span> <span class='ocrx_word' id='word_1_11' title='bbox 2603 307 2643 350; x_wconf 91' lang='lat' dir='ltr'><strong>a</strong></span> 
     </span>
     <span class='ocr_line' id='line_1_3' title="bbox 289 372 2642 458; baseline -0 -19"><span class='ocrx_word' id='word_1_12' title='bbox 289 372 532 440; x_wconf 78' lang='lat' dir='ltr'><strong>Scauro</strong></span> <span class='ocrx_word' id='word_1_13' title='bbox 580 372 886 458; x_wconf 63' lang='lat' dir='ltr'><strong>scriptael,</strong></span> <span class='ocrx_word' id='word_1_14' title='bbox 933 375 1171 440; x_wconf 91' lang='lat' dir='ltr'><strong>additis</strong></span> <span class='ocrx_word' id='word_1_15' title='bbox 1217 375 1512 441; x_wconf 86' lang='lat' dir='ltr'><strong>versibus</strong></span> <span class='ocrx_word' id='word_1_16' title='bbox 1560 374 1672 458; x_wconf 90' lang='lat' dir='ltr'><strong>qui</strong></span> <span class='ocrx_word' id='word_1_17' title='bbox 1718 374 1786 440; x_wconf 87' lang='lat' dir='ltr'><strong>in</strong></span> <span class='ocrx_word' id='word_1_18' title='bbox 1834 374 2169 439; x_wconf 86' lang='lat' dir='ltr'><strong>Tiberium</strong></span> <span class='ocrx_word' id='word_1_19' title='bbox 2214 374 2642 439; x_wconf 85' lang='lat' dir='ltr'><strong>flecterentur.</strong></span> 
     </span>
     <span class='ocr_line' id='line_1_4' title="bbox 287 461 2642 546; baseline -0.002 -15"><span class='ocrx_word' id='word_1_20' title='bbox 287 485 514 533; x_wconf 79' lang='lat' dir='ltr'><strong>verum</strong></span> <span class='ocrx_word' id='word_1_21' title='bbox 562 463 645 529; x_wconf 87' lang='lat' dir='ltr'><strong>ab</strong></span> <span class='ocrx_word' id='word_1_22' title='bbox 683 461 957 528; x_wconf 85' lang='lat' dir='ltr'><strong>Servilio</strong></span> <span class='ocrx_word' id='word_1_23' title='bbox 1006 468 1072 528; x_wconf 92' lang='lat' dir='ltr'><strong>et</strong></span> <span class='ocrx_word' id='word_1_24' title='bbox 1109 461 1412 530; x_wconf 86' lang='lat' dir='ltr'><strong>Cornelio</strong></span> <span class='ocrx_word' id='word_1_25' title='bbox 1453 463 1937 531; x_wconf 84' lang='lat' dir='ltr'><strong>accusatoribus</strong></span> <span class='ocrx_word' id='word_1_26' title='bbox 1978 463 2365 528; x_wconf 85' lang='lat' dir='ltr'><strong>adulterium</strong></span> <span class='ocrx_word' id='word_1_27' title='bbox 2402 461 2642 546; x_wconf 83' lang='lat' dir='ltr'><strong>Liviae,</strong></span> 
     </span>
     <span class='ocr_line' id='line_1_5' title="bbox 287 549 2642 639; baseline 0 -21"><span class='ocrx_word' id='word_1_28' title='bbox 287 573 630 639; x_wconf 85' lang='lat' dir='ltr'><strong>magorum</strong></span> <span class='ocrx_word' id='word_1_29' title='bbox 676 574 860 618; x_wconf 89' lang='lat' dir='ltr'><strong>sacra</strong></span> <span class='ocrx_word' id='word_1_30' title='bbox 907 552 1418 619; x_wconf 88' lang='lat' dir='ltr'><strong>obiectabantur.</strong></span> <span class='ocrx_word' id='word_1_31' title='bbox 1512 549 1821 638; x_wconf 84' lang='lat' dir='ltr'><strong>Scaurus,</strong></span> <span class='ocrx_word' id='word_1_32' title='bbox 1884 556 1955 617; x_wconf 90' lang='lat' dir='ltr'><strong>ut</strong></span> <span class='ocrx_word' id='word_1_33' title='bbox 2002 551 2272 635; x_wconf 89' lang='lat' dir='ltr'><strong>dignum</strong></span> <span class='ocrx_word' id='word_1_34' title='bbox 2319 553 2642 618; x_wconf 85' lang='lat' dir='ltr'><strong>veteribus</strong></span> 
     </span>
     <span class='ocr_line' id='line_1_6' title="bbox 286 638 2752 726; baseline 0.001 -19"><span class='ocrx_word' id='word_1_35' title='bbox 286 641 619 725; x_wconf 84' lang='lat' dir='ltr'><strong>Aemiliis,</strong></span> <span class='ocrx_word' id='word_1_36' title='bbox 684 641 1166 707; x_wconf 86' lang='lat' dir='ltr'><strong>damnationem</strong></span> <span class='ocrx_word' id='word_1_37' title='bbox 1225 642 1484 725; x_wconf 88' lang='lat' dir='ltr'><strong>anteiit,</strong></span> <span class='ocrx_word' id='word_1_38' title='bbox 1544 642 1852 708; x_wconf 84' lang='lat' dir='ltr'><strong>hortante</strong></span> <span class='ocrx_word' id='word_1_39' title='bbox 1907 638 2127 706; x_wconf 81' lang='lat' dir='ltr'><strong>Sextia</strong></span> <span class='ocrx_word' id='word_1_40' title='bbox 2187 662 2386 706; x_wconf 83' lang='lat' dir='ltr'><strong>uxore</strong></span> <span class='ocrx_word' id='word_1_41' title='bbox 2401 692 2418 726; x_wconf 89' lang='lat'><em>‚</em></span> <span class='ocrx_word' id='word_1_42' title='bbox 2484 662 2645 726; x_wconf 87' lang='lat' dir='ltr'><strong>quae</strong></span> <span class='ocrx_word' id='word_1_43' title='bbox 2682 660 2752 710; x_wconf 82' lang='lat'><strong>20</strong></span> 
     </span>
     <span class='ocr_line' id='line_1_7' title="bbox 286 730 1747 814; baseline 0 -18"><span class='ocrx_word' id='word_1_44' title='bbox 286 732 789 797; x_wconf 88' lang='lat' dir='ltr'><strong>incitamentum</strong></span> <span class='ocrx_word' id='word_1_45' title='bbox 835 731 1066 796; x_wconf 90' lang='lat' dir='ltr'><strong>mortis</strong></span> <span class='ocrx_word' id='word_1_46' title='bbox 1113 734 1180 795; x_wconf 90' lang='lat' dir='ltr'><strong>et</strong></span> <span class='ocrx_word' id='word_1_47' title='bbox 1224 731 1555 814; x_wconf 83' lang='lat' dir='ltr'><strong>particeps</strong></span> <span class='ocrx_word' id='word_1_48' title='bbox 1600 730 1747 796; x_wconf 85' lang='lat' dir='ltr'><strong>fuit.</strong></span> 
     </span>
    </p>

    <p class='ocr_par' dir='ltr' id='par_1_3' title="bbox 287 817 2751 2238">
     <span class='ocr_line' id='line_1_8' title="bbox 469 817 2751 903; baseline 0.001 -19"><span class='ocrx_word' id='word_1_49' title='bbox 469 820 567 886; x_wconf 89' lang='lat' dir='ltr'><strong>Ac</strong></span> <span class='ocrx_word' id='word_1_50' title='bbox 611 823 834 885; x_wconf 90' lang='lat' dir='ltr'><strong>tamen</strong></span> <span class='ocrx_word' id='word_1_51' title='bbox 879 823 1315 901; x_wconf 86' lang='lat' dir='ltr'><strong>accusatores,</strong></span> <span class='ocrx_word' id='word_1_52' title='bbox 1372 820 1428 884; x_wconf 89' lang='lat' dir='ltr'><strong>si</strong></span> <span class='ocrx_word' id='word_1_53' title='bbox 1481 818 1762 884; x_wconf 85' lang='lat' dir='ltr'><strong>facultas</strong></span> <span class='ocrx_word' id='word_1_54' title='bbox 1805 817 2151 903; x_wconf 87' lang='lat' dir='ltr'><strong>incideret,</strong></span> <span class='ocrx_word' id='word_1_55' title='bbox 2205 819 2429 903; x_wconf 89' lang='lat' dir='ltr'><strong>poenis</strong></span> <span class='ocrx_word' id='word_1_56' title='bbox 2487 819 2643 885; x_wconf 89' lang='lat' dir='ltr'><strong>adfi-</strong></span> <span class='ocrx_word' id='word_1_57' title='bbox 2662 822 2751 888; x_wconf 85' lang='lat'><strong>30</strong></span> 
     </span>
     <span class='ocr_line' id='line_1_9' title="bbox 288 903 2645 993; baseline 0 -19"><span class='ocrx_word' id='word_1_58' title='bbox 288 910 658 992; x_wconf 89' lang='lat' dir='ltr'><strong>ciebantur,</strong></span> <span class='ocrx_word' id='word_1_59' title='bbox 721 912 795 973; x_wconf 92' lang='lat' dir='ltr'><strong>ut</strong></span> <span class='ocrx_word' id='word_1_60' title='bbox 858 906 1171 975; x_wconf 80' lang='lat' dir='ltr'><strong>Servilius</strong></span> <span class='ocrx_word' id='word_1_61' title='bbox 1237 906 1699 993; x_wconf 82' lang='lat' dir='ltr'><strong>Corneliusque</strong></span> <span class='ocrx_word' id='word_1_62' title='bbox 1762 907 2015 993; x_wconf 86' lang='lat' dir='ltr'><strong>perdito</strong></span> <span class='ocrx_word' id='word_1_63' title='bbox 2082 903 2323 973; x_wconf 88' lang='lat' dir='ltr'><strong>Scauro</strong></span> <span class='ocrx_word' id='word_1_64' title='bbox 2388 908 2645 993; x_wconf 88' lang='lat' dir='ltr'><strong>famosi,</strong></span> 
     </span>
     <span class='ocr_line' id='line_1_10' title="bbox 292 990 2644 1083; baseline -0 -20"><span class='ocrx_word' id='word_1_65' title='bbox 292 999 444 1082; x_wconf 86' lang='lat' dir='ltr'><strong>quia</strong></span> <span class='ocrx_word' id='word_1_66' title='bbox 488 998 831 1083; x_wconf 88' lang='lat' dir='ltr'><strong>pecuniam</strong></span> <span class='ocrx_word' id='word_1_67' title='bbox 877 1018 917 1061; x_wconf 90' lang='lat' dir='ltr'><strong>a</strong></span> <span class='ocrx_word' id='word_1_68' title='bbox 950 996 1152 1062; x_wconf 90' lang='lat' dir='ltr'><strong>Vario</strong></span> <span class='ocrx_word' id='word_1_69' title='bbox 1197 990 1437 1082; x_wconf 81' lang='lat' dir='ltr'><strong>Ligure</strong></span> <span class='ocrx_word' id='word_1_70' title='bbox 1485 996 1880 1062; x_wconf 89' lang='lat' dir='ltr'><strong>omittendae</strong></span> <span class='ocrx_word' id='word_1_71' title='bbox 1927 996 2273 1062; x_wconf 85' lang='lat' dir='ltr'><strong>delationis</strong></span> <span class='ocrx_word' id='word_1_72' title='bbox 2320 1002 2644 1080; x_wconf 88' lang='lat' dir='ltr'><strong>ceperant,</strong></span> 
     </span>
     <span class='ocr_line' id='line_1_11' title="bbox 288 1084 2643 1171; baseline 0 -20"><span class='ocrx_word' id='word_1_73' title='bbox 288 1087 356 1151; x_wconf 91' lang='lat' dir='ltr'><strong>in</strong></span> <span class='ocrx_word' id='word_1_74' title='bbox 402 1087 652 1152; x_wconf 88' lang='lat' dir='ltr'><strong>insulas</strong></span> <span class='ocrx_word' id='word_1_75' title='bbox 699 1085 1041 1153; x_wconf 89' lang='lat' dir='ltr'><strong>interdicto</strong></span> <span class='ocrx_word' id='word_1_76' title='bbox 1086 1086 1229 1171; x_wconf 90' lang='lat' dir='ltr'><strong>igni</strong></span> <span class='ocrx_word' id='word_1_77' title='bbox 1276 1090 1473 1171; x_wconf 90' lang='lat' dir='ltr'><strong>atque</strong></span> <span class='ocrx_word' id='word_1_78' title='bbox 1511 1107 1679 1170; x_wconf 88' lang='lat' dir='ltr'><strong>aqua</strong></span> <span class='ocrx_word' id='word_1_79' title='bbox 1715 1085 1960 1150; x_wconf 87' lang='lat' dir='ltr'><strong>demoti</strong></span> <span class='ocrx_word' id='word_1_80' title='bbox 2002 1088 2169 1151; x_wconf 88' lang='lat' dir='ltr'><strong>sunt.</strong></span> <span class='ocrx_word' id='word_1_81' title='bbox 2245 1088 2313 1150; x_wconf 92' lang='lat' dir='ltr'><strong>et</strong></span> <span class='ocrx_word' id='word_1_82' title='bbox 2347 1084 2643 1152; x_wconf 89' lang='lat' dir='ltr'><strong>Abudius</strong></span> 
     </span>
     <span class='ocr_line' id='line_1_12' title="bbox 288 1173 2713 1258; baseline 0.001 -18"><span class='ocrx_word' id='word_1_83' title='bbox 288 1174 468 1241; x_wconf 86' lang='lat' dir='ltr'><strong>Ruso</strong></span> <span class='ocrx_word' id='word_1_84' title='bbox 504 1175 766 1241; x_wconf 83' lang='lat' dir='ltr'><strong>functus</strong></span> <span class='ocrx_word' id='word_1_85' title='bbox 806 1174 1137 1242; x_wconf 84' lang='lat' dir='ltr'><strong>aedilitate</strong></span> <span class='ocrx_word' id='word_1_86' title='bbox 1173 1174 1326 1240; x_wconf 93' lang='lat' dir='ltr'><strong>dum</strong></span> <span class='ocrx_word' id='word_1_87' title='bbox 1362 1173 1639 1241; x_wconf 87' lang='lat' dir='ltr'><strong>Lentulo</strong></span> <span class='ocrx_word' id='word_1_88' title='bbox 1670 1173 2031 1257; x_wconf 82' lang='lat' dir='ltr'><strong>Gaetulico,</strong></span> <span class='ocrx_word' id='word_1_89' title='bbox 2068 1174 2191 1239; x_wconf 91' lang='lat' dir='ltr'><strong>sub</strong></span> <span class='ocrx_word' id='word_1_90' title='bbox 2230 1195 2358 1258; x_wconf 92' lang='lat' dir='ltr'><strong>quo</strong></span> <span class='ocrx_word' id='word_1_91' title='bbox 2395 1174 2642 1258; x_wconf 87' lang='lat' dir='ltr'><strong>legioni</strong></span> <span class='ocrx_word' id='word_1_92' title='bbox 2681 1192 2713 1242; x_wconf 80' lang='lat'><strong>5</strong></span> 
     </span>
     <span class='ocr_line' id='line_1_13' title="bbox 288 1262 2642 1350; baseline 0 -22"><span class='ocrx_word' id='word_1_93' title='bbox 288 1264 689 1348; x_wconf 87' lang='lat' dir='ltr'><strong>praefuerat,</strong></span> <span class='ocrx_word' id='word_1_94' title='bbox 742 1264 1103 1349; x_wconf 91' lang='lat' dir='ltr'><strong>periculum</strong></span> <span class='ocrx_word' id='word_1_95' title='bbox 1148 1264 1446 1346; x_wconf 88' lang='lat' dir='ltr'><strong>facessit,</strong></span> <span class='ocrx_word' id='word_1_96' title='bbox 1492 1262 1663 1348; x_wconf 89' lang='lat' dir='ltr'><strong>quod</strong></span> <span class='ocrx_word' id='word_1_97' title='bbox 1710 1264 1769 1329; x_wconf 92' lang='lat' dir='ltr'><strong>is</strong></span> <span class='ocrx_word' id='word_1_98' title='bbox 1817 1262 2034 1328; x_wconf 86' lang='lat' dir='ltr'><strong>Seiani</strong></span> <span class='ocrx_word' id='word_1_99' title='bbox 2080 1263 2287 1328; x_wconf 90' lang='lat' dir='ltr'><strong>filium</strong></span> <span class='ocrx_word' id='word_1_100' title='bbox 2335 1284 2642 1350; x_wconf 87' lang='lat' dir='ltr'><strong>generum</strong></span> 
     </span>
     <span class='ocr_line' id='line_1_14' title="bbox 291 1350 2646 1437; baseline 0 -20"><span class='ocrx_word' id='word_1_101' title='bbox 291 1352 699 1437; x_wconf 85' lang='lat' dir='ltr'><strong>destinasset,</strong></span> <span class='ocrx_word' id='word_1_102' title='bbox 744 1353 916 1419; x_wconf 83' lang='lat' dir='ltr'><strong>ultro</strong></span> <span class='ocrx_word' id='word_1_103' title='bbox 964 1353 1311 1419; x_wconf 89' lang='lat' dir='ltr'><strong>damnatur</strong></span> <span class='ocrx_word' id='word_1_104' title='bbox 1356 1356 1547 1437; x_wconf 82' lang='lat' dir='ltr'><strong>atque</strong></span> <span class='ocrx_word' id='word_1_105' title='bbox 1585 1353 1744 1418; x_wconf 91' lang='lat' dir='ltr'><strong>urbe</strong></span> <span class='ocrx_word' id='word_1_106' title='bbox 1783 1352 2083 1437; x_wconf 86' lang='lat' dir='ltr'><strong>exigitur.</strong></span> <span class='ocrx_word' id='word_1_107' title='bbox 2157 1350 2529 1418; x_wconf 81' lang='lat' dir='ltr'><strong>Gaetulicus</strong></span> <span class='ocrx_word' id='word_1_108' title='bbox 2569 1375 2646 1418; x_wconf 91' lang='lat' dir='ltr'><strong>ea</strong></span> 
     </span>
     <span class='ocr_line' id='line_1_15' title="bbox 289 1440 2643 1526; baseline 0.001 -20"><span class='ocrx_word' id='word_1_109' title='bbox 289 1445 682 1526; x_wconf 88' lang='lat' dir='ltr'><strong>tempestate</strong></span> <span class='ocrx_word' id='word_1_110' title='bbox 739 1442 1089 1526; x_wconf 88' lang='lat' dir='ltr'><strong>superioris</strong></span> <span class='ocrx_word' id='word_1_111' title='bbox 1147 1440 1536 1508; x_wconf 81' lang='lat' dir='ltr'><strong>Germaniae</strong></span> <span class='ocrx_word' id='word_1_112' title='bbox 1594 1441 1887 1526; x_wconf 87' lang='lat' dir='ltr'><strong>legiones</strong></span> <span class='ocrx_word' id='word_1_113' title='bbox 1948 1441 2219 1507; x_wconf 87' lang='lat' dir='ltr'><strong>curabat</strong></span> <span class='ocrx_word' id='word_1_114' title='bbox 2278 1441 2643 1526; x_wconf 90' lang='lat' dir='ltr'><strong>mirumque</strong></span> 
     </span>
     <span class='ocr_line' id='line_1_16' title="bbox 291 1529 2644 1614; baseline 0 -18"><span class='ocrx_word' id='word_1_115' title='bbox 291 1552 581 1596; x_wconf 89' lang='lat' dir='ltr'><strong>amorem</strong></span> <span class='ocrx_word' id='word_1_116' title='bbox 628 1531 970 1597; x_wconf 90' lang='lat' dir='ltr'><strong>adsecutus</strong></span> <span class='ocrx_word' id='word_1_117' title='bbox 1018 1534 1177 1614; x_wconf 89' lang='lat' dir='ltr'><strong>erat,</strong></span> <span class='ocrx_word' id='word_1_118' title='bbox 1224 1531 1469 1596; x_wconf 84' lang='lat' dir='ltr'><strong>effusae</strong></span> <span class='ocrx_word' id='word_1_119' title='bbox 1516 1529 1917 1614; x_wconf 89' lang='lat' dir='ltr'><strong>clementiae,</strong></span> <span class='ocrx_word' id='word_1_120' title='bbox 1963 1530 2254 1597; x_wconf 88' lang='lat' dir='ltr'><strong>modicus</strong></span> <span class='ocrx_word' id='word_1_121' title='bbox 2302 1531 2644 1597; x_wconf 86' lang='lat' dir='ltr'><strong>severitate</strong></span> 
     </span>
     <span class='ocr_line' id='line_1_17' title="bbox 290 1616 2751 1706; baseline -0.001 -20"><span class='ocrx_word' id='word_1_122' title='bbox 290 1622 357 1686; x_wconf 87' lang='lat' dir='ltr'><strong>et</strong></span> <span class='ocrx_word' id='word_1_123' title='bbox 411 1621 711 1705; x_wconf 86' lang='lat' dir='ltr'><strong>proximo</strong></span> <span class='ocrx_word' id='word_1_124' title='bbox 767 1641 1022 1706; x_wconf 87' lang='lat' dir='ltr'><strong>quoque</strong></span> <span class='ocrx_word' id='word_1_125' title='bbox 1080 1619 1391 1685; x_wconf 85' lang='lat' dir='ltr'><strong>exercitui</strong></span> <span class='ocrx_word' id='word_1_126' title='bbox 1446 1640 1564 1703; x_wconf 91' lang='lat' dir='ltr'><strong>per</strong></span> <span class='ocrx_word' id='word_1_127' title='bbox 1616 1617 1691 1683; x_wconf 87' lang='lat' dir='ltr'><strong>L.</strong></span> <span class='ocrx_word' id='word_1_128' title='bbox 1737 1616 2099 1703; x_wconf 88' lang='lat' dir='ltr'><strong>Apronium</strong></span> <span class='ocrx_word' id='word_1_129' title='bbox 2160 1640 2453 1685; x_wconf 89' lang='lat' dir='ltr'><strong>socerum</strong></span> <span class='ocrx_word' id='word_1_130' title='bbox 2512 1641 2644 1687; x_wconf 91' lang='lat' dir='ltr'><strong>non</strong></span> <span class='ocrx_word' id='word_1_131' title='bbox 2684 1635 2751 1684; x_wconf 90' lang='lat'><strong>10</strong></span> 
     </span>
     <span class='ocr_line' id='line_1_18' title="bbox 289 1706 2645 1795; baseline 0 -22"><span class='ocrx_word' id='word_1_132' title='bbox 289 1710 607 1795; x_wconf 86' lang='lat' dir='ltr'><strong>ingratus.</strong></span> <span class='ocrx_word' id='word_1_133' title='bbox 697 1708 865 1774; x_wconf 91' lang='lat' dir='ltr'><strong>unde</strong></span> <span class='ocrx_word' id='word_1_134' title='bbox 929 1708 1108 1774; x_wconf 80' lang='lat' dir='ltr'><strong>fama</strong></span> <span class='ocrx_word' id='word_1_135' title='bbox 1171 1713 1475 1774; x_wconf 86' lang='lat' dir='ltr'><strong>constans</strong></span> <span class='ocrx_word' id='word_1_136' title='bbox 1542 1729 1771 1773; x_wconf 88' lang='lat' dir='ltr'><strong>ausum</strong></span> <span class='ocrx_word' id='word_1_137' title='bbox 1838 1708 2094 1773; x_wconf 90' lang='lat' dir='ltr'><strong>mittere</strong></span> <span class='ocrx_word' id='word_1_138' title='bbox 2160 1710 2239 1774; x_wconf 87' lang='lat' dir='ltr'><strong>ad</strong></span> <span class='ocrx_word' id='word_1_139' title='bbox 2300 1706 2645 1774; x_wconf 82' lang='lat' dir='ltr'><strong>Gaesarem</strong></span> 
     </span>
     <span class='ocr_line' id='line_1_19' title="bbox 287 1794 2644 1882; baseline 0.001 -21"><span class='ocrx_word' id='word_1_140' title='bbox 287 1797 563 1881; x_wconf 85' lang='lat' dir='ltr'><strong>litteras,</strong></span> <span class='ocrx_word' id='word_1_141' title='bbox 610 1797 1017 1863; x_wconf 84' lang='lat' dir='ltr'><strong>adfinitatem</strong></span> <span class='ocrx_word' id='word_1_142' title='bbox 1064 1797 1190 1864; x_wconf 85' lang='lat' dir='ltr'><strong>sibi</strong></span> <span class='ocrx_word' id='word_1_143' title='bbox 1236 1818 1383 1864; x_wconf 90' lang='lat' dir='ltr'><strong>cum</strong></span> <span class='ocrx_word' id='word_1_144' title='bbox 1431 1794 1664 1862; x_wconf 87' lang='lat' dir='ltr'><strong>Seiano</strong></span> <span class='ocrx_word' id='word_1_145' title='bbox 1710 1796 1884 1862; x_wconf 91' lang='lat' dir='ltr'><strong>haud</strong></span> <span class='ocrx_word' id='word_1_146' title='bbox 1933 1800 2164 1882; x_wconf 89' lang='lat' dir='ltr'><strong>sponte</strong></span> <span class='ocrx_word' id='word_1_147' title='bbox 2211 1797 2324 1862; x_wconf 91' lang='lat' dir='ltr'><strong>sed</strong></span> <span class='ocrx_word' id='word_1_148' title='bbox 2371 1798 2644 1864; x_wconf 89' lang='lat' dir='ltr'><strong>consilio</strong></span> 
     </span>
     <span class='ocr_line' id='line_1_20' title="bbox 292 1884 2646 1989; baseline 0 -38"><span class='ocrx_word' id='word_1_149' title='bbox 292 1886 538 1951; x_wconf 85' lang='lat' dir='ltr'><strong>Tiberii</strong></span> <span class='ocrx_word' id='word_1_150' title='bbox 603 1889 935 1971; x_wconf 83' lang='lat' dir='ltr'><strong>coeptam3</strong></span> <span class='ocrx_word' id='word_1_151' title='bbox 1006 1885 1283 1989; x_wconf 46' lang='lat' dir='ltr'><strong>perinde·</strong></span> <span class='ocrx_word' id='word_1_152' title='bbox 1339 1907 1407 1988; x_wconf 75' lang='lat' dir='ltr'><strong>se</strong></span> <span class='ocrx_word' id='word_1_153' title='bbox 1474 1908 1667 1970; x_wconf 88' lang='lat' dir='ltr'><strong>quam</strong></span> <span class='ocrx_word' id='word_1_154' title='bbox 1732 1884 2066 1989; x_wconf 73' lang='lat' dir='ltr'><strong>Tiberium</strong></span> <span class='ocrx_word' id='word_1_155' title='bbox 2091 1886 2273 1989; x_wconf 53' lang='lat'><strong>‚1:³15</strong></span> <span class='ocrx_word' id='word_1_156' title='bbox 2334 1888 2646 1970; x_wconf 90' lang='lat' dir='ltr'><strong>potuisse,</strong></span> 
     </span>
     <span class='ocr_line' id='line_1_21' title="bbox 287 1974 2750 2150; baseline -0.001 -20"><span class='ocrx_word' id='word_1_157' title='bbox 287 1975 1148 2150; x_wconf 47' lang='lat' dir='ltr'><strong>253¹²23d⁶032⁰33ssg33¹305g</strong></span> <span class='ocrx_word' id='word_1_158' title='bbox 1188 1975 1500 2129; x_wconf 52' lang='grc' dir='ltr'><strong>’.1ξήῗῖἰὲ</strong></span> <span class='ocrx_word' id='word_1_159' title='bbox 1521 1974 1798 2129; x_wconf 56' lang='lat' dir='ltr'><strong>fffls</strong></span> <span class='ocrx_word' id='word_1_160' title='bbox 1812 1975 2207 2149; x_wconf 47' lang='lat' dir='ltr'><strong>³332&amp;ss</strong></span> <span class='ocrx_word' id='word_1_161' title='bbox 2238 1975 2644 2148; x_wconf 56' lang='lat'><strong>„323333333</strong></span> <span class='ocrx_word' id='word_1_162' title='bbox 2683 2079 2750 2128; x_wconf 83' lang='lat'><strong>15</strong></span> 
     </span>
     <span class='ocr_line' id='line_1_22' title="bbox 291 2152 2648 2238; baseline -0 -20"><span class='ocrx_word' id='word_1_163' title='bbox 291 2175 733 2219; x_wconf 88' lang='lat' dir='ltr'><strong>successorem</strong></span> <span class='ocrx_word' id='word_1_164' title='bbox 777 2175 911 2218; x_wconf 93' lang='lat' dir='ltr'><strong>non</strong></span> <span class='ocrx_word' id='word_1_165' title='bbox 957 2152 1151 2218; x_wconf 89' lang='lat' dir='ltr'><strong>aliter</strong></span> <span class='ocrx_word' id='word_1_166' title='bbox 1197 2174 1391 2238; x_wconf 89' lang='lat' dir='ltr'><strong>quam</strong></span> <span class='ocrx_word' id='word_1_167' title='bbox 1428 2152 1739 2218; x_wconf 89' lang='lat' dir='ltr'><strong>indicium</strong></span> <span class='ocrx_word' id='word_1_168' title='bbox 1778 2153 2006 2218; x_wconf 90' lang='lat' dir='ltr'><strong>mortis</strong></span> <span class='ocrx_word' id='word_1_169' title='bbox 2043 2155 2473 2236; x_wconf 86' lang='lat' dir='ltr'><strong>accepturum.</strong></span> <span class='ocrx_word' id='word_1_170' title='bbox 2547 2152 2648 2217; x_wconf 88' lang='lat' dir='ltr'><strong>fir·</strong></span> 
     </span>
    </p>
   </div>
   <div class='ocr_carea' id='block_1_3' title="bbox 180 2241 2647 2328">
    <p class='ocr_par' dir='ltr' id='par_1_4' title="bbox 180 2241 2647 2328">
     <span class='ocr_line' id='line_1_23' title="bbox 180 2241 2647 2328; baseline 0 -22"><span class='ocrx_word' id='word_1_171' title='bbox 180 2257 189 2261; x_wconf 71' lang='grc'><em>’</em></span> <span class='ocrx_word' id='word_1_172' title='bbox 291 2246 550 2308; x_wconf 90' lang='lat' dir='ltr'><strong>marent</strong></span> <span class='ocrx_word' id='word_1_173' title='bbox 586 2242 767 2307; x_wconf 82' lang='lat' dir='ltr'><strong>velut</strong></span> <span class='ocrx_word' id='word_1_174' title='bbox 810 2241 1056 2327; x_wconf 88' lang='lat' dir='ltr'><strong>foedus,</strong></span> <span class='ocrx_word' id='word_1_175' title='bbox 1104 2263 1232 2327; x_wconf 88' lang='lat' dir='ltr'><strong>quo</strong></span> <span class='ocrx_word' id='word_1_176' title='bbox 1279 2241 1582 2328; x_wconf 90' lang='lat' dir='ltr'><strong>princeps</strong></span> <span class='ocrx_word' id='word_1_177' title='bbox 1631 2246 1988 2307; x_wconf 86' lang='lat' dir='ltr'><strong>ceterarum</strong></span> <span class='ocrx_word' id='word_1_178' title='bbox 2033 2262 2248 2306; x_wconf 90' lang='lat' dir='ltr'><strong>rerum</strong></span> <span class='ocrx_word' id='word_1_179' title='bbox 2293 2244 2647 2326; x_wconf 89' lang='lat' dir='ltr'><strong>poteretur,</strong></span> 
     </span>
    </p>
   </div>
   <div class='ocr_carea' id='block_1_4' title="bbox 291 2330 2649 2506">
    <p class='ocr_par' dir='ltr' id='par_1_5' title="bbox 291 2330 2649 2506">
     <span class='ocr_line' id='line_1_24' title="bbox 292 2330 2645 2417; baseline -0 -20"><span class='ocrx_word' id='word_1_180' title='bbox 292 2332 438 2417; x_wconf 90' lang='lat' dir='ltr'><strong>ipse</strong></span> <span class='ocrx_word' id='word_1_181' title='bbox 474 2332 877 2416; x_wconf 80' lang='lat' dir='ltr'><strong>provinciam</strong></span> <span class='ocrx_word' id='word_1_182' title='bbox 914 2332 1238 2397; x_wconf 86' lang='lat' dir='ltr'><strong>retineret.</strong></span> <span class='ocrx_word' id='word_1_183' title='bbox 1313 2332 1493 2414; x_wconf 91' lang='lat' dir='ltr'><strong>haec,</strong></span> <span class='ocrx_word' id='word_1_184' title='bbox 1539 2332 1703 2396; x_wconf 91' lang='lat' dir='ltr'><strong>mira</strong></span> <span class='ocrx_word' id='word_1_185' title='bbox 1748 2353 2162 2416; x_wconf 85' lang='lat' dir='ltr'><strong>quamquam,</strong></span> <span class='ocrx_word' id='word_1_186' title='bbox 2206 2330 2396 2395; x_wconf 91' lang='lat' dir='ltr'><strong>fidem</strong></span> <span class='ocrx_word' id='word_1_187' title='bbox 2443 2353 2522 2396; x_wconf 79' lang='lat' dir='ltr'><strong>ex</strong></span> <span class='ocrx_word' id='word_1_188' title='bbox 2569 2352 2645 2396; x_wconf 91' lang='lat' dir='ltr'><strong>eo</strong></span> 
     </span>
     <span class='ocr_line' id='line_1_25' title="bbox 291 2418 2649 2506; baseline -0.001 -21"><span class='ocrx_word' id='word_1_189' title='bbox 291 2421 670 2505; x_wconf 88' lang='lat' dir='ltr'><strong>trahebant,</strong></span> <span class='ocrx_word' id='word_1_190' title='bbox 717 2421 887 2506; x_wconf 88' lang='lat' dir='ltr'><strong>quod</strong></span> <span class='ocrx_word' id='word_1_191' title='bbox 932 2442 1099 2486; x_wconf 91' lang='lat' dir='ltr'><strong>unus</strong></span> <span class='ocrx_word' id='word_1_192' title='bbox 1147 2421 1435 2485; x_wconf 88' lang='lat' dir='ltr'><strong>omnium</strong></span> <span class='ocrx_word' id='word_1_193' title='bbox 1477 2418 1693 2486; x_wconf 85' lang='lat' dir='ltr'><strong>Seiani</strong></span> <span class='ocrx_word' id='word_1_194' title='bbox 1741 2420 2054 2485; x_wconf 90' lang='lat' dir='ltr'><strong>adfinium</strong></span> <span class='ocrx_word' id='word_1_195' title='bbox 2099 2420 2440 2486; x_wconf 88' lang='lat' dir='ltr'><strong>incolumis</strong></span> <span class='ocrx_word' id='word_1_196' title='bbox 2488 2420 2649 2485; x_wconf 89' lang='lat' dir='ltr'><strong>mul-</strong></span> 
     </span>
    </p>
   </div>
   <div class='ocr_carea' id='block_1_5' title="bbox 373 2647 2442 2704">
    <p class='ocr_par' dir='ltr' id='par_1_6' title="bbox 373 2647 2442 2704">
     <span class='ocr_line' id='line_1_26' title="bbox 373 2647 2442 2704; baseline -0 -2"><span class='ocrx_word' id='word_1_197' title='bbox 373 2654 454 2703; x_wconf 88' lang='grc'><strong>16.</strong></span> <span class='ocrx_word' id='word_1_198' title='bbox 494 2652 586 2703; x_wconf 81' lang='lat' dir='ltr'><strong>tra</strong></span> <span class='ocrx_word' id='word_1_199' title='bbox 621 2648 823 2704; x_wconf 82' lang='lat' dir='ltr'><strong>oediae.</strong></span> <span class='ocrx_word' id='word_1_200' title='bbox 871 2647 986 2702; x_wconf 87' lang='lat' dir='ltr'><strong>Das</strong></span> <span class='ocrx_word' id='word_1_201' title='bbox 1016 2648 1193 2703; x_wconf 73' lang='lat' dir='ltr'><strong>Stfick</strong></span> <span class='ocrx_word' id='word_1_202' title='bbox 1227 2648 1418 2704; x_wconf 75' lang='lat' dir='ltr'><strong>fflhrte</strong></span> <span class='ocrx_word' id='word_1_203' title='bbox 1602 2653 1651 2702; x_wconf 88' lang='lat'><strong>4.</strong></span> <span class='ocrx_word' id='word_1_204' title='bbox 1690 2647 1951 2702; x_wconf 74' lang='lat' dir='ltr'><strong>Abudius</strong></span> <span class='ocrx_word' id='word_1_205' title='bbox 1986 2647 2064 2701; x_wconf 86' lang='lat' dir='ltr'><strong>ist</strong></span> <span class='ocrx_word' id='word_1_206' title='bbox 2099 2647 2442 2702; x_wconf 85' lang='lat' dir='ltr'><strong>unbekannt.</strong></span> 
     </span>
    </p>
   </div>
   <div class='ocr_carea' id='block_1_6' title="bbox 290 2718 2649 2885">
    <p class='ocr_par' dir='ltr' id='par_1_7' title="bbox 290 2718 2649 2885">
     <span class='ocr_line' id='line_1_27' title="bbox 294 2718 2631 2801; baseline 0.007 -27"><span class='ocrx_word' id='word_1_207' title='bbox 294 2719 410 2774; x_wconf 86' lang='lat' dir='ltr'><strong>den</strong></span> <span class='ocrx_word' id='word_1_208' title='bbox 464 2719 590 2773; x_wconf 84' lang='lat' dir='ltr'><strong>Tite</strong></span> <span class='ocrx_word' id='word_1_209' title='bbox 668 2722 951 2787; x_wconf 83' lang='lat' dir='ltr'><strong>‚‚Atreus“</strong></span> <span class='ocrx_word' id='word_1_210' title='bbox 1006 2719 1123 2773; x_wconf 87' lang='lat' dir='ltr'><strong>und</strong></span> <span class='ocrx_word' id='word_1_211' title='bbox 1177 2718 1419 2775; x_wconf 87' lang='lat' dir='ltr'><strong>enthielt</strong></span> <span class='ocrx_word' id='word_1_212' title='bbox 1601 2749 1649 2799; x_wconf 48' lang='lat'><strong>5·</strong></span> <span class='ocrx_word' id='word_1_213' title='bbox 1701 2731 1853 2800; x_wconf 66' lang='lat' dir='ltr'><strong>Uber</strong></span> <span class='ocrx_word' id='word_1_214' title='bbox 1902 2745 2174 2800; x_wconf 41' lang='grc' dir='ltr'><strong>[Μῶμε</strong></span> <span class='ocrx_word' id='word_1_215' title='bbox 2227 2744 2551 2801; x_wconf 64' lang='lat' dir='ltr'><strong>Gaetulicus</strong></span> <span class='ocrx_word' id='word_1_216' title='bbox 2606 2765 2631 2800; x_wconf 69' lang='lat' dir='ltr'>g</span> 
     </span>
     <span class='ocr_line' id='line_1_28' title="bbox 290 2788 2649 2885; baseline 0.007 -41"><span class='ocrx_word' id='word_1_217' title='bbox 290 2788 487 2845; x_wconf 74' lang='lat' dir='ltr'><strong>ausser</strong></span> <span class='ocrx_word' id='word_1_218' title='bbox 540 2789 784 2845; x_wconf 89' lang='lat' dir='ltr'><strong>anderen</strong></span> <span class='ocrx_word' id='word_1_219' title='bbox 836 2789 1259 2859; x_wconf 84' lang='lat' dir='ltr'><strong>Anspielungen</strong></span> <span class='ocrx_word' id='word_1_220' title='bbox 1322 2790 1425 2845; x_wconf 88' lang='lat' dir='ltr'><strong>auf</strong></span> <span class='ocrx_word' id='word_1_221' title='bbox 1526 2834 1591 2869; x_wconf 68' lang='lat' dir='ltr'><strong>zu</strong></span> <span class='ocrx_word' id='word_1_222' title='bbox 1632 2822 1683 2885; x_wconf 59' lang='grc' dir='ltr'><strong>4ἲ</strong></span> <span class='ocrx_word' id='word_1_223' title='bbox 1713 2822 1800 2872; x_wconf 46' lang='lat'><strong>42·</strong></span> <span class='ocrx_word' id='word_1_224' title='bbox 2636 2791 2649 2803; x_wconf 73' lang='grc'>’</span> 
     </span>
    </p>
   </div>
   <div class='ocr_carea' id='block_1_7' title="bbox 287 2859 1418 2930">
    <p class='ocr_par' dir='ltr' id='par_1_8' title="bbox 287 2859 1418 2930">
     <span class='ocr_line' id='line_1_29' title="bbox 287 2859 1418 2930; baseline -0.001 -13"><span class='ocrx_word' id='word_1_225' title='bbox 287 2861 390 2917; x_wconf 77' lang='lat' dir='ltr'><strong>die</strong></span> <span class='ocrx_word' id='word_1_226' title='bbox 463 2859 959 2916; x_wconf 73' lang='lat' dir='ltr'><strong>Zeitverhaltnisse</strong></span> <span class='ocrx_word' id='word_1_227' title='bbox 1035 2860 1199 2916; x_wconf 89' lang='lat' dir='ltr'><strong>einen</strong></span> <span class='ocrx_word' id='word_1_228' title='bbox 1260 2860 1418 2930; x_wconf 76' lang='lat' dir='ltr'><strong>Vere,</strong></span> 
     </span>
    </p>
   </div>
   <div class='ocr_carea' id='block_1_8' title="bbox 286 2912 2653 3145">
    <p class='ocr_par' dir='ltr' id='par_1_9' title="bbox 286 2912 2653 3145">
     <span class='ocr_line' id='line_1_30' title="bbox 286 2912 2647 3002; baseline -0.003 -14"><span class='ocrx_word' id='word_1_229' title='bbox 286 2929 530 2988; x_wconf 71' lang='lat' dir='ltr'><strong>ahnlich</strong></span> <span class='ocrx_word' id='word_1_230' title='bbox 575 2931 706 2987; x_wconf 76' lang='lat' dir='ltr'><strong>dem</strong></span> <span class='ocrx_word' id='word_1_231' title='bbox 753 2933 851 2987; x_wconf 83' lang='lat' dir='ltr'><strong>des</strong></span> <span class='ocrx_word' id='word_1_232' title='bbox 898 2930 1195 3002; x_wconf 76' lang='lat' dir='ltr'><strong>Euripides</strong></span> <span class='ocrx_word' id='word_1_233' title='bbox 1240 2931 1417 2988; x_wconf 72' lang='lat' dir='ltr'><strong>Phon.</strong></span> <span class='ocrx_word' id='word_1_234' title='bbox 1540 2984 1551 2997; x_wconf 78' lang='grc'>,</span> <span class='ocrx_word' id='word_1_235' title='bbox 1598 2918 1649 2968; x_wconf 82' lang='lat'><strong>8-</strong></span> <span class='ocrx_word' id='word_1_236' title='bbox 1687 2929 1885 2997; x_wconf 70' lang='lat' dir='ltr'><strong>‚curare</strong></span> <span class='ocrx_word' id='word_1_237' title='bbox 1913 2913 2328 2996; x_wconf 59' lang='lat' dir='ltr'><strong>„befenligen‘g</strong></span> <span class='ocrx_word' id='word_1_238' title='bbox 2363 2912 2471 2968; x_wconf 78' lang='lat' dir='ltr'><strong>wie</strong></span> <span class='ocrx_word' id='word_1_239' title='bbox 2504 2920 2647 2998; x_wconf 42' lang='lat'><strong>1231</strong></span> 
     </span>
     <span class='ocr_line' id='line_1_31' title="bbox 286 2984 2653 3073; baseline -0.005 -13"><span class='ocrx_word' id='word_1_240' title='bbox 286 3009 402 3060; x_wconf 83' lang='grc'><strong>396</strong></span> <span class='ocrx_word' id='word_1_241' title='bbox 446 2998 550 3065; x_wconf 75' lang='grc' dir='ltr'><strong>τὰς</strong></span> <span class='ocrx_word' id='word_1_242' title='bbox 596 3003 708 3056; x_wconf 78' lang='grc' dir='ltr'><strong>τῶν</strong></span> <span class='ocrx_word' id='word_1_243' title='bbox 752 3000 1112 3073; x_wconf 75' lang='grc' dir='ltr'><strong><em>κρατούντων</em></strong></span> <span class='ocrx_word' id='word_1_244' title='bbox 1160 2997 1420 3073; x_wconf 70' lang='grc' dir='ltr'><strong><em>ἀμαθίας</em></strong></span> <span class='ocrx_word' id='word_1_245' title='bbox 1525 2985 1842 3050; x_wconf 64' lang='grc' dir='ltr'><strong>ΜῘΘΝΟΥΘΜ</strong></span> <span class='ocrx_word' id='word_1_246' title='bbox 1893 2987 2239 3054; x_wconf 79' lang='lat' dir='ltr'><strong>(exercltum)</strong></span> <span class='ocrx_word' id='word_1_247' title='bbox 2292 2985 2364 3040; x_wconf 77' lang='lat' dir='ltr'><strong>A·</strong></span> <span class='ocrx_word' id='word_1_248' title='bbox 2415 2984 2653 3070; x_wconf 67' lang='lat' dir='ltr'><strong>Gaess‘mfv</strong></span> 
     </span>
     <span class='ocr_line' id='line_1_32' title="bbox 288 3056 2652 3145; baseline -0.004 -25"><span class='ocrx_word' id='word_1_249' title='bbox 288 3072 499 3145; x_wconf 63' lang='grc' dir='ltr'><strong><em>φέρειν</em></strong></span> <span class='ocrx_word' id='word_1_250' title='bbox 536 3072 735 3143; x_wconf 64' lang='grc' dir='ltr'><strong><em>χρεών,</em></strong></span> <span class='ocrx_word' id='word_1_251' title='bbox 1530 3056 1776 3111; x_wconf 81' lang='lat' dir='ltr'><strong>curabat.</strong></span> <span class='ocrx_word' id='word_1_252' title='bbox 1834 3056 1967 3110; x_wconf 89' lang='lat' dir='ltr'><strong>Sall.</strong></span> <span class='ocrx_word' id='word_1_253' title='bbox 1987 3057 2118 3126; x_wconf 85' lang='lat' dir='ltr'><strong>Jug.</strong></span> <span class='ocrx_word' id='word_1_254' title='bbox 2152 3061 2254 3111; x_wconf 90' lang='lat'><strong>100</strong></span> <span class='ocrx_word' id='word_1_255' title='bbox 2283 3058 2521 3134; x_wconf 59' lang='lat' dir='ltr'><strong>cohortes</strong></span> <span class='ocrx_word' id='word_1_256' title='bbox 2548 3056 2652 3111; x_wconf 57' lang='lat' dir='ltr'><strong>La-</strong></span> 
     </span>
    </p>
   </div>
   <div class='ocr_carea' id='block_1_9' title="bbox 370 3129 2014 3214">
    <p class='ocr_par' dir='ltr' id='par_1_10' title="bbox 370 3129 2014 3214">
     <span class='ocr_line' id='line_1_33' title="bbox 370 3129 2014 3214; baseline -0.005 -15"><span class='ocrx_word' id='word_1_257' title='bbox 370 3150 457 3199; x_wconf 82' lang='lat'><strong>1⁷.</strong></span> <span class='ocrx_word' id='word_1_258' title='bbox 502 3146 711 3212; x_wconf 76' lang='lat' dir='ltr'><strong>flectere</strong></span> <span class='ocrx_word' id='word_1_259' title='bbox 754 3144 817 3199; x_wconf 88' lang='lat' dir='ltr'><strong>in</strong></span> <span class='ocrx_word' id='word_1_260' title='bbox 864 3144 1046 3200; x_wconf 84' lang='lat' dir='ltr'><strong>dieser</strong></span> <span class='ocrx_word' id='word_1_261' title='bbox 1090 3137 1422 3214; x_wconf 83' lang='lat' dir='ltr'><strong>Bedeutung</strong></span> <span class='ocrx_word' id='word_1_262' title='bbox 1526 3142 1730 3196; x_wconf 68' lang='lat' dir='ltr'><strong>ywmm</strong></span> <span class='ocrx_word' id='word_1_263' title='bbox 1765 3129 2014 3183; x_wconf 66' lang='lat' dir='ltr'><strong>curabat·</strong></span> 
     </span>
    </p>
   </div>
   <div class='ocr_carea' id='block_1_10' title="bbox 287 3217 2652 3872">
    <p class='ocr_par' dir='ltr' id='par_1_11' title="bbox 287 3217 2652 3872">
     <span class='ocr_line' id='line_1_34' title="bbox 293 3217 2651 3306; baseline 0.004 -35"><span class='ocrx_word' id='word_1_264' title='bbox 293 3217 473 3306; x_wconf 54' lang='lat' dir='ltr'><strong>(statt</strong></span> <span class='ocrx_word' id='word_1_265' title='bbox 505 3217 890 3287; x_wconf 75' lang='lat' dir='ltr'><strong>interpretari,</strong></span> <span class='ocrx_word' id='word_1_266' title='bbox 924 3217 1164 3284; x_wconf 79' lang='lat' dir='ltr'><strong>trahere,</strong></span> <span class='ocrx_word' id='word_1_267' title='bbox 1199 3217 1419 3283; x_wconf 74' lang='lat' dir='ltr'><strong>referre)</strong></span> <span class='ocrx_word' id='word_1_268' title='bbox 1603 3229 1686 3279; x_wconf 89' lang='lat'><strong>10.</strong></span> <span class='ocrx_word' id='word_1_269' title='bbox 1735 3225 2026 3295; x_wconf 77' lang='lat' dir='ltr'><strong>Apronius</strong></span> <span class='ocrx_word' id='word_1_270' title='bbox 2071 3225 2212 3280; x_wconf 85' lang='lat' dir='ltr'><strong>wird</strong></span> <span class='ocrx_word' id='word_1_271' title='bbox 2255 3225 2433 3280; x_wconf 75' lang='lat' dir='ltr'><strong>echon</strong></span> <span class='ocrx_word' id='word_1_272' title='bbox 2478 3223 2560 3278; x_wconf 92' lang='lat' dir='ltr'><strong>im</strong></span> <span class='ocrx_word' id='word_1_273' title='bbox 2599 3224 2651 3281; x_wconf 87' lang='lat' dir='ltr'><strong>J.</strong></span> 
     </span>
     <span class='ocr_line' id='line_1_35' title="bbox 287 3285 2652 3370; baseline 0.003 -26"><span class='ocrx_word' id='word_1_274' title='bbox 287 3290 374 3344; x_wconf 86' lang='lat' dir='ltr'><strong>ist</strong></span> <span class='ocrx_word' id='word_1_275' title='bbox 408 3305 507 3341; x_wconf 79' lang='grc' dir='ltr'><strong>απ.</strong></span> <span class='ocrx_word' id='word_1_276' title='bbox 547 3285 650 3353; x_wconf 59' lang='grc' dir='ltr'><strong>εἰς).</strong></span> <span class='ocrx_word' id='word_1_277' title='bbox 713 3358 725 3370; x_wconf 46' lang='lat'><strong>·</strong></span> <span class='ocrx_word' id='word_1_278' title='bbox 999 3358 1011 3370; x_wconf 46' lang='lat'><strong>·</strong></span> <span class='ocrx_word' id='word_1_279' title='bbox 1056 3357 1068 3369; x_wconf 85' lang='lat'><strong>.</strong></span> <span class='ocrx_word' id='word_1_280' title='bbox 1255 3357 1267 3370; x_wconf 46' lang='lat'><strong>·</strong></span> <span class='ocrx_word' id='word_1_281' title='bbox 1346 3357 1359 3370; x_wconf 48' lang='lat'><strong>·</strong></span> <span class='ocrx_word' id='word_1_282' title='bbox 1530 3299 1598 3349; x_wconf 81' lang='lat'><strong>28</strong></span> <span class='ocrx_word' id='word_1_283' title='bbox 1636 3295 1722 3350; x_wconf 86' lang='lat' dir='ltr'><strong>als</strong></span> <span class='ocrx_word' id='word_1_284' title='bbox 1749 3294 2054 3366; x_wconf 68' lang='lat' dir='ltr'><strong>Proprator</strong></span> <span class='ocrx_word' id='word_1_285' title='bbox 2090 3313 2203 3352; x_wconf 84' lang='lat' dir='ltr'><strong>von</strong></span> <span class='ocrx_word' id='word_1_286' title='bbox 2230 3294 2535 3350; x_wconf 87' lang='lat' dir='ltr'><strong>Germania</strong></span> <span class='ocrx_word' id='word_1_287' title='bbox 2570 3294 2652 3350; x_wconf 91' lang='lat' dir='ltr'><strong>in-</strong></span> 
     </span>
     <span class='ocr_line' id='line_1_36' title="bbox 374 3357 2652 3441; baseline -0.001 -28"><span class='ocrx_word' id='word_1_288' title='bbox 374 3362 461 3414; x_wconf 83' lang='lat'><strong>18.</strong></span> <span class='ocrx_word' id='word_1_289' title='bbox 499 3357 673 3413; x_wconf 74' lang='lat' dir='ltr'><strong>Livia</strong></span> <span class='ocrx_word' id='word_1_290' title='bbox 707 3359 785 3413; x_wconf 79' lang='lat' dir='ltr'><strong>ist</strong></span> <span class='ocrx_word' id='word_1_291' title='bbox 819 3358 911 3413; x_wconf 88' lang='lat' dir='ltr'><strong>die</strong></span> <span class='ocrx_word' id='word_1_292' title='bbox 949 3357 1186 3441; x_wconf 45' lang='lat' dir='ltr'><strong>Livium·</strong></span> <span class='ocrx_word' id='word_1_293' title='bbox 1212 3358 1304 3441; x_wconf 54' lang='lat' dir='ltr'><strong>die</strong></span> <span class='ocrx_word' id='word_1_294' title='bbox 1341 3375 1421 3413; x_wconf 74' lang='lat' dir='ltr'><strong>im</strong></span> <span class='ocrx_word' id='word_1_295' title='bbox 1528 3365 1699 3421; x_wconf 83' lang='lat' dir='ltr'><strong>ferior</strong></span> <span class='ocrx_word' id='word_1_296' title='bbox 1736 3367 2016 3437; x_wconf 67' lang='lat' dir='ltr'><strong>erwahnt3</strong></span> <span class='ocrx_word' id='word_1_297' title='bbox 2057 3373 2108 3435; x_wconf 87' lang='lat'><strong>4,</strong></span> <span class='ocrx_word' id='word_1_298' title='bbox 2142 3373 2225 3424; x_wconf 81' lang='grc'><strong>73.</strong></span> <span class='ocrx_word' id='word_1_299' title='bbox 2271 3366 2374 3420; x_wconf 77' lang='lat' dir='ltr'><strong>Ale</strong></span> <span class='ocrx_word' id='word_1_300' title='bbox 2402 3367 2652 3422; x_wconf 75' lang='lat' dir='ltr'><strong>Prokon-</strong></span> 
     </span>
     <span class='ocr_line' id='line_1_37' title="bbox 288 3430 2651 3507; baseline 0.003 -21"><span class='ocrx_word' id='word_1_301' title='bbox 288 3430 346 3486; x_wconf 84' lang='lat' dir='ltr'><strong>J.</strong></span> <span class='ocrx_word' id='word_1_302' title='bbox 389 3435 456 3484; x_wconf 86' lang='lat'><strong>31</strong></span> <span class='ocrx_word' id='word_1_303' title='bbox 549 3430 728 3484; x_wconf 66' lang='lat' dir='ltr'><strong>etotet</strong></span> <span class='ocrx_word' id='word_1_304' title='bbox 772 3446 916 3496; x_wconf 85' lang='lat' dir='ltr'><strong>war,</strong></span> <span class='ocrx_word' id='word_1_305' title='bbox 964 3430 1092 3484; x_wconf 79' lang='lat' dir='ltr'><strong>well</strong></span> <span class='ocrx_word' id='word_1_306' title='bbox 1142 3446 1222 3485; x_wconf 74' lang='lat' dir='ltr'><strong>sle</strong></span> <span class='ocrx_word' id='word_1_307' title='bbox 1258 3430 1420 3485; x_wconf 81' lang='lat' dir='ltr'><strong>lhren</strong></span> <span class='ocrx_word' id='word_1_308' title='bbox 1530 3436 1618 3491; x_wconf 89' lang='lat' dir='ltr'><strong>sul</strong></span> <span class='ocrx_word' id='word_1_309' title='bbox 1673 3454 1784 3492; x_wconf 88' lang='lat' dir='ltr'><strong>von</strong></span> <span class='ocrx_word' id='word_1_310' title='bbox 1835 3438 2039 3493; x_wconf 86' lang='lat' dir='ltr'><strong>Afrika</strong></span> <span class='ocrx_word' id='word_1_311' title='bbox 2095 3442 2349 3504; x_wconf 81' lang='lat'>(18-—20</span> <span class='ocrx_word' id='word_1_312' title='bbox 2404 3456 2459 3493; x_wconf 92' lang='lat' dir='ltr'><strong>n.</strong></span> <span class='ocrx_word' id='word_1_313' title='bbox 2498 3437 2651 3507; x_wconf 88' lang='lat' dir='ltr'><strong>Chr.)</strong></span> 
     </span>
     <span class='ocr_line' id='line_1_38' title="bbox 290 3499 2650 3583; baseline 0.002 -24"><span class='ocrx_word' id='word_1_314' title='bbox 290 3502 442 3559; x_wconf 88' lang='lat' dir='ltr'><strong>Gem</strong></span> <span class='ocrx_word' id='word_1_315' title='bbox 569 3499 800 3583; x_wconf 64' lang='lat' dir='ltr'><strong>DrusuS,</strong></span> <span class='ocrx_word' id='word_1_316' title='bbox 838 3501 948 3555; x_wconf 91' lang='lat' dir='ltr'><strong>den</strong></span> <span class='ocrx_word' id='word_1_317' title='bbox 976 3499 1128 3556; x_wconf 81' lang='lat' dir='ltr'><strong>Sohu</strong></span> <span class='ocrx_word' id='word_1_318' title='bbox 1159 3500 1255 3555; x_wconf 83' lang='lat' dir='ltr'><strong>des</strong></span> <span class='ocrx_word' id='word_1_319' title='bbox 1286 3499 1414 3555; x_wconf 67' lang='grc' dir='ltr'><strong>Καὶ·</strong></span> <span class='ocrx_word' id='word_1_320' title='bbox 1523 3523 1642 3562; x_wconf 78' lang='lat' dir='ltr'><strong>war</strong></span> <span class='ocrx_word' id='word_1_321' title='bbox 1686 3523 1747 3562; x_wconf 84' lang='lat' dir='ltr'><strong>er</strong></span> <span class='ocrx_word' id='word_1_322' title='bbox 1793 3509 1892 3563; x_wconf 87' lang='lat' dir='ltr'><strong>der</strong></span> <span class='ocrx_word' id='word_1_323' title='bbox 1929 3507 2262 3580; x_wconf 64' lang='lat' dir='ltr'><strong>Vorganger</strong></span> <span class='ocrx_word' id='word_1_324' title='bbox 2306 3508 2406 3564; x_wconf 86' lang='lat' dir='ltr'><strong>des</strong></span> <span class='ocrx_word' id='word_1_325' title='bbox 2446 3508 2650 3565; x_wconf 66' lang='lat' dir='ltr'><strong>Blasus</strong></span> 
     </span>
     <span class='ocr_line' id='line_1_39' title="bbox 291 3572 1914 3695; baseline 0.003 -66"><span class='ocrx_word' id='word_1_326' title='bbox 291 3589 434 3639; x_wconf 87' lang='lat' dir='ltr'><strong>sers,</strong></span> <span class='ocrx_word' id='word_1_327' title='bbox 474 3572 743 3641; x_wconf 77' lang='lat' dir='ltr'><strong>vergiftet</strong></span> <span class='ocrx_word' id='word_1_328' title='bbox 767 3572 953 3656; x_wconf 66' lang='lat' dir='ltr'><strong>batte.</strong></span> <span class='ocrx_word' id='word_1_329' title='bbox 1114 3643 1149 3655; x_wconf 90' lang='lat'><strong>..</strong></span> <span class='ocrx_word' id='word_1_330' title='bbox 1254 3641 1306 3695; x_wconf 79' lang='lat' dir='ltr'>N</span> <span class='ocrx_word' id='word_1_331' title='bbox 1377 3642 1417 3695; x_wconf 75' lang='lat' dir='ltr'><strong>h</strong></span> <span class='ocrx_word' id='word_1_332' title='bbox 1524 3593 1798 3648; x_wconf 84' lang='lat' dir='ltr'><strong>gewesen.</strong></span> <span class='ocrx_word' id='word_1_333' title='bbox 1911 3593 1914 3598; x_wconf 87' lang='lat'>·</span> 
     </span>
     <span class='ocr_line' id='line_1_40' title="bbox 294 3644 2641 3802; baseline 0.001 -31"><span class='ocrx_word' id='word_1_334' title='bbox 294 3644 878 3771; x_wconf 48' lang='lat' dir='ltr'><strong>efligimdffiamome</strong></span> <span class='ocrx_word' id='word_1_335' title='bbox 917 3647 1188 3769; x_wconf 49' lang='lat' dir='ltr'><strong>Tibreieilig·</strong></span> <span class='ocrx_word' id='word_1_336' title='bbox 1219 3713 1279 3768; x_wconf 92' lang='lat' dir='ltr'><strong>in</strong></span> <span class='ocrx_word' id='word_1_337' title='bbox 1310 3658 1418 3767; x_wconf 53' lang='lat' dir='ltr'><strong>aldae·</strong></span> <span class='ocrx_word' id='word_1_338' title='bbox 1525 3680 1681 3801; x_wconf 70' lang='lat'><strong>2113‘</strong></span> <span class='ocrx_word' id='word_1_339' title='bbox 1710 3677 1945 3802; x_wconf 40' lang='grc' dir='ltr'><strong>ἔθέἷζῗέε</strong></span> <span class='ocrx_word' id='word_1_340' title='bbox 1979 3693 2164 3748; x_wconf 49' lang='lat' dir='ltr'><strong>‘luam’</strong></span> <span class='ocrx_word' id='word_1_341' title='bbox 2200 3679 2307 3733; x_wconf 64' lang='lat' dir='ltr'><strong>Wie</strong></span> <span class='ocrx_word' id='word_1_342' title='bbox 2344 3683 2398 3745; x_wconf 80' lang='lat'><strong>4’</strong></span> <span class='ocrx_word' id='word_1_343' title='bbox 2427 3683 2513 3733; x_wconf 66' lang='lat'><strong>²⁰·</strong></span> <span class='ocrx_word' id='word_1_344' title='bbox 2554 3682 2641 3747; x_wconf 70' lang='lat'><strong>15’</strong></span> 
     </span>
     <span class='ocr_line' id='line_1_41' title="bbox 292 3764 1947 3872; baseline -0.004 -31"><span class='ocrx_word' id='word_1_345' title='bbox 292 3803 409 3872; x_wconf 72' lang='lat' dir='ltr'><strong>zug</strong></span> <span class='ocrx_word' id='word_1_346' title='bbox 447 3784 552 3872; x_wconf 52' lang='lat' dir='ltr'><strong>aug</strong></span> <span class='ocrx_word' id='word_1_347' title='bbox 573 3785 811 3841; x_wconf 86' lang='lat' dir='ltr'><strong>Scaurus</strong></span> <span class='ocrx_word' id='word_1_348' title='bbox 840 3783 1281 3872; x_wconf 22' lang='lat' dir='ltr'><strong>gesagtaehabenz</strong></span> <span class='ocrx_word' id='word_1_349' title='bbox 1319 3783 1419 3838; x_wconf 78' lang='grc' dir='ltr'><strong>καὶ</strong></span> <span class='ocrx_word' id='word_1_350' title='bbox 1631 3764 1707 3801; x_wconf 77' lang='lat'><strong>¹²¹²</strong></span> <span class='ocrx_word' id='word_1_351' title='bbox 1904 3765 1947 3803; x_wconf 52' lang='grc' dir='ltr'><strong>Γ·</strong></span> 
     </span>
    </p>
   </div>
   <div class='ocr_carea' id='block_1_11' title="bbox 292 3829 2657 4159">
    <p class='ocr_par' dir='ltr' id='par_1_12' title="bbox 295 3829 2653 3926">
     <span class='ocr_line' id='line_1_42' title="bbox 295 3829 2653 3926; baseline -0.004 -14"><span class='ocrx_word' id='word_1_352' title='bbox 295 3853 413 3926; x_wconf 77' lang='grc' dir='ltr'><strong>ἐγω</strong></span> <span class='ocrx_word' id='word_1_353' title='bbox 482 3876 587 3911; x_wconf 75' lang='grc' dir='ltr'><strong>ουν</strong></span> <span class='ocrx_word' id='word_1_354' title='bbox 651 3857 866 3911; x_wconf 78' lang='grc' dir='ltr'><strong><em>Αἴαντα</em></strong></span> <span class='ocrx_word' id='word_1_355' title='bbox 931 3875 1110 3909; x_wconf 79' lang='grc' dir='ltr'><strong><em>αυτον</em></strong></span> <span class='ocrx_word' id='word_1_356' title='bbox 1181 3849 1419 3925; x_wconf 84' lang='grc' dir='ltr'><strong><em>ποιήσω,</em></strong></span> <span class='ocrx_word' id='word_1_357' title='bbox 1601 3849 1683 3902; x_wconf 84' lang='lat'><strong>18·</strong></span> <span class='ocrx_word' id='word_1_358' title='bbox 1749 3846 1895 3900; x_wconf 74' lang='lat' dir='ltr'><strong>mira</strong></span> <span class='ocrx_word' id='word_1_359' title='bbox 1948 3860 2291 3915; x_wconf 67' lang='lat' dir='ltr'><strong>quamquam·</strong></span> <span class='ocrx_word' id='word_1_360' title='bbox 2359 3829 2510 3900; x_wconf 64' lang='lat' dir='ltr'><strong>Uber</strong></span> <span class='ocrx_word' id='word_1_361' title='bbox 2560 3843 2653 3900; x_wconf 79' lang='lat' dir='ltr'><strong>die</strong></span> 
     </span>
    </p>

    <p class='ocr_par' dir='ltr' id='par_1_13' title="bbox 292 3915 2232 3990">
     <span class='ocr_line' id='line_1_43' title="bbox 292 3915 2232 3990; baseline -0.005 -6"><span class='ocrx_word' id='word_1_362' title='bbox 292 3927 500 3984; x_wconf 74' lang='lat' dir='ltr'><strong>womit</strong></span> <span class='ocrx_word' id='word_1_363' title='bbox 544 3942 606 3990; x_wconf 84' lang='lat' dir='ltr'><strong>er</strong></span> <span class='ocrx_word' id='word_1_364' title='bbox 650 3927 752 3982; x_wconf 81' lang='lat' dir='ltr'><strong>auf</strong></span> <span class='ocrx_word' id='word_1_365' title='bbox 793 3928 902 3983; x_wconf 86' lang='lat' dir='ltr'><strong>den</strong></span> <span class='ocrx_word' id='word_1_366' title='bbox 940 3927 1288 3983; x_wconf 89' lang='lat' dir='ltr'><strong>Selbstmord</strong></span> <span class='ocrx_word' id='word_1_367' title='bbox 1324 3926 1422 3981; x_wconf 87' lang='lat' dir='ltr'><strong>des</strong></span> <span class='ocrx_word' id='word_1_368' title='bbox 1530 3915 1882 3987; x_wconf 67' lang='lat' dir='ltr'><strong>Anafltrophe</strong></span> <span class='ocrx_word' id='word_1_369' title='bbox 1922 3933 1965 3971; x_wconf 79' lang='lat' dir='ltr'><strong>s·</strong></span> <span class='ocrx_word' id='word_1_370' title='bbox 1994 3934 2061 3970; x_wconf 78' lang='lat' dir='ltr'><strong>zu</strong></span> <span class='ocrx_word' id='word_1_371' title='bbox 2100 3921 2150 3986; x_wconf 85' lang='lat'><strong>5,</strong></span> <span class='ocrx_word' id='word_1_372' title='bbox 2181 3921 2232 3971; x_wconf 82' lang='lat'><strong>9·</strong></span> 
     </span>
    </p>

    <p class='ocr_par' dir='ltr' id='par_1_14' title="bbox 294 3997 2657 4159">
     <span class='ocr_line' id='line_1_44' title="bbox 294 3997 2653 4072; baseline -0 -3"><span class='ocrx_word' id='word_1_373' title='bbox 294 3998 451 4069; x_wconf 65' lang='lat' dir='ltr'><strong>Ajax</strong></span> <span class='ocrx_word' id='word_1_374' title='bbox 488 3997 781 4068; x_wconf 55' lang='grc' dir='ltr'><strong>ει*ῑὶθΡίθῙῐῖίὶ</strong></span> <span class='ocrx_word' id='word_1_375' title='bbox 1607 4020 1691 4070; x_wconf 83' lang='grc'><strong>19.</strong></span> <span class='ocrx_word' id='word_1_376' title='bbox 1754 4015 2059 4072; x_wconf 73' lang='lat' dir='ltr'><strong>incolumis.</strong></span> <span class='ocrx_word' id='word_1_377' title='bbox 2125 4013 2257 4068; x_wconf 88' lang='lat' dir='ltr'><strong>Erst</strong></span> <span class='ocrx_word' id='word_1_378' title='bbox 2300 4015 2467 4068; x_wconf 87' lang='lat' dir='ltr'><strong>unter</strong></span> <span class='ocrx_word' id='word_1_379' title='bbox 2509 4013 2653 4068; x_wconf 87' lang='lat' dir='ltr'><strong>Cali-</strong></span> 
     </span>
     <span class='ocr_line' id='line_1_45' title="bbox 370 4084 2657 4159; baseline -0.002 -16"><span class='ocrx_word' id='word_1_380' title='bbox 370 4088 471 4143; x_wconf 75' lang='lat'><strong>30.</strong></span> <span class='ocrx_word' id='word_1_381' title='bbox 520 4092 570 4141; x_wconf 84' lang='grc'><strong>3.</strong></span> <span class='ocrx_word' id='word_1_382' title='bbox 620 4086 828 4142; x_wconf 68' lang='lat' dir='ltr'><strong>Varius</strong></span> <span class='ocrx_word' id='word_1_383' title='bbox 862 4087 1045 4159; x_wconf 68' lang='grc' dir='ltr'><strong>Πρω·</strong></span> <span class='ocrx_word' id='word_1_384' title='bbox 1088 4086 1228 4141; x_wconf 81' lang='lat' dir='ltr'><strong>wird</strong></span> <span class='ocrx_word' id='word_1_385' title='bbox 1265 4092 1317 4154; x_wconf 85' lang='lat'><strong>4,</strong></span> <span class='ocrx_word' id='word_1_386' title='bbox 1354 4090 1423 4140; x_wconf 81' lang='lat'><strong>42</strong></span> <span class='ocrx_word' id='word_1_387' title='bbox 1534 4086 1669 4155; x_wconf 83' lang='lat' dir='ltr'><strong>gula</strong></span> <span class='ocrx_word' id='word_1_388' title='bbox 1703 4087 1864 4141; x_wconf 85' lang='lat' dir='ltr'><strong>ward</strong></span> <span class='ocrx_word' id='word_1_389' title='bbox 1899 4086 2066 4141; x_wconf 88' lang='lat' dir='ltr'><strong>erim</strong></span> <span class='ocrx_word' id='word_1_390' title='bbox 2093 4086 2268 4141; x_wconf 85' lang='lat' dir='ltr'><strong>Jahre</strong></span> <span class='ocrx_word' id='word_1_391' title='bbox 2295 4090 2366 4140; x_wconf 82' lang='lat'><strong>39</strong></span> <span class='ocrx_word' id='word_1_392' title='bbox 2405 4084 2491 4141; x_wconf 88' lang='lat' dir='ltr'><strong>als</strong></span> <span class='ocrx_word' id='word_1_393' title='bbox 2521 4084 2657 4139; x_wconf 87' lang='lat' dir='ltr'><strong>Ver-</strong></span> 
     </span>
    </p>
   </div>
   <div class='ocr_carea' id='block_1_12' title="bbox 298 4155 2657 4367">
    <p class='ocr_par' dir='ltr' id='par_1_15' title="bbox 298 4155 2657 4367">
     <span class='ocr_line' id='line_1_46' title="bbox 298 4155 2657 4228; baseline -0.002 -14"><span class='ocrx_word' id='word_1_394' title='bbox 298 4159 389 4214; x_wconf 87' lang='lat' dir='ltr'><strong>als</strong></span> <span class='ocrx_word' id='word_1_395' title='bbox 426 4158 646 4214; x_wconf 79' lang='lat' dir='ltr'><strong>adulter</strong></span> <span class='ocrx_word' id='word_1_396' title='bbox 681 4157 782 4213; x_wconf 82' lang='lat' dir='ltr'><strong>der</strong></span> <span class='ocrx_word' id='word_1_397' title='bbox 806 4157 1038 4227; x_wconf 89' lang='lat' dir='ltr'><strong>Aquilia</strong></span> <span class='ocrx_word' id='word_1_398' title='bbox 1065 4157 1334 4213; x_wconf 67' lang='lat' dir='ltr'><strong>erwahnt.</strong></span> <span class='ocrx_word' id='word_1_399' title='bbox 1356 4187 1425 4197; x_wconf 91' lang='lat'>—</span> <span class='ocrx_word' id='word_1_400' title='bbox 1535 4158 1817 4213; x_wconf 73' lang='lat' dir='ltr'><strong>schworer</strong></span> <span class='ocrx_word' id='word_1_401' title='bbox 1852 4155 2252 4228; x_wconf 84' lang='lat' dir='ltr'><strong>hingerichtet,</strong></span> <span class='ocrx_word' id='word_1_402' title='bbox 2290 4155 2568 4211; x_wconf 88' lang='lat' dir='ltr'><strong>nachdem</strong></span> <span class='ocrx_word' id='word_1_403' title='bbox 2596 4172 2657 4211; x_wconf 86' lang='lat' dir='ltr'><strong>er</strong></span> 
     </span>
     <span class='ocr_line' id='line_1_47' title="bbox 298 4226 2654 4299; baseline -0.003 -13"><span class='ocrx_word' id='word_1_404' title='bbox 298 4230 635 4286; x_wconf 79' lang='lat' dir='ltr'><strong>omittendae</strong></span> <span class='ocrx_word' id='word_1_405' title='bbox 678 4231 972 4286; x_wconf 76' lang='lat' dir='ltr'><strong>delationis</strong></span> <span class='ocrx_word' id='word_1_406' title='bbox 980 4251 1001 4298; x_wconf 92' lang='lat'><em>;</em></span> <span class='ocrx_word' id='word_1_407' title='bbox 1048 4228 1188 4284; x_wconf 70' lang='lat' dir='ltr'><strong>iiber</strong></span> <span class='ocrx_word' id='word_1_408' title='bbox 1233 4228 1427 4284; x_wconf 87' lang='lat' dir='ltr'><strong>diesen</strong></span> <span class='ocrx_word' id='word_1_409' title='bbox 1534 4230 1676 4284; x_wconf 87' lang='lat' dir='ltr'><strong>zehn</strong></span> <span class='ocrx_word' id='word_1_410' title='bbox 1701 4227 1736 4283; x_wconf 90' lang='lat' dir='ltr'><strong>J</strong></span> <span class='ocrx_word' id='word_1_411' title='bbox 1738 4229 1874 4284; x_wconf 82' lang='lat' dir='ltr'><strong>abre</strong></span> <span class='ocrx_word' id='word_1_412' title='bbox 1911 4230 2047 4299; x_wconf 83' lang='lat' dir='ltr'><strong>lang</strong></span> <span class='ocrx_word' id='word_1_413' title='bbox 2084 4227 2236 4284; x_wconf 84' lang='lat' dir='ltr'><strong>seine</strong></span> <span class='ocrx_word' id='word_1_414' title='bbox 2265 4226 2504 4285; x_wconf 85' lang='lat' dir='ltr'><strong>Provinz</strong></span> <span class='ocrx_word' id='word_1_415' title='bbox 2532 4244 2654 4284; x_wconf 84' lang='lat' dir='ltr'><strong>ver-</strong></span> 
     </span>
     <span class='ocr_line' id='line_1_48' title="bbox 300 4299 1950 4367; baseline 0 -10"><span class='ocrx_word' id='word_1_416' title='bbox 300 4299 548 4357; x_wconf 84' lang='lat' dir='ltr'><strong>Genetiv</strong></span> <span class='ocrx_word' id='word_1_417' title='bbox 585 4319 627 4356; x_wconf 80' lang='lat' dir='ltr'><strong>s.</strong></span> <span class='ocrx_word' id='word_1_418' title='bbox 666 4299 813 4358; x_wconf 88' lang='lat' dir='ltr'><strong>Einl.</strong></span> <span class='ocrx_word' id='word_1_419' title='bbox 851 4306 899 4367; x_wconf 68' lang='lat'><strong>§-</strong></span> <span class='ocrx_word' id='word_1_420' title='bbox 931 4306 1048 4357; x_wconf 89' lang='grc'><strong>108.</strong></span> <span class='ocrx_word' id='word_1_421' title='bbox 1536 4299 1735 4356; x_wconf 83' lang='lat' dir='ltr'><strong>waltet</strong></span> <span class='ocrx_word' id='word_1_422' title='bbox 1772 4300 1950 4357; x_wconf 81' lang='lat' dir='ltr'><strong>hatte.</strong></span> 
     </span>
    </p>
   </div>
  </div>
 </body>
</html>
