2867 4625
919 98 1141 155 LIBER
1176 100 1297 155 XII.
1348 99 1502 157 CAP.
1540 106 1772 157 ,ιιι-48.
1915 56 1922 59 ⁷
2440 103 2524 169 61

166 263 534 347 suffuderit,
588 263 720 328 levi
772 263 908 329 ictu
963 284 1257 329 cruorem
1313 264 1583 329 eliciunt
1639 267 1834 350 atque
1889 264 2167 331 invicem
2213 266 2528 333 lambunt.

162 352 231 418 id
276 352 507 420 foedus
543 374 850 418 arcanum
897 351 1176 417 habetur
1223 353 1412 437 quasi
1456 357 1684 419 mutuo
1733 375 1960 421 cruore
1997 357 2342 421 sacratum.
2416 356 2530 420 sed

163 427 323 506 tunc
376 441 486 525 qui
542 462 619 506 ea
673 441 889 507 vincla
933 439 1347 525 admovebat,
1401 441 1719 508 decidisse
1775 443 2092 509 simulans
2147 465 2362 530 genua
2406 443 2528 509 Mi·
2569 461 2635 510 10

163 529 470 595 thridatis
515 527 768 595 invadit
810 530 1154 615 ipsumque
1208 531 1594 617 prosternit3
1653 531 1973 616 simulque
2019 553 2339 599 concursu
2383 533 2527 617 plu-

162 618 336 684 rium
380 617 733 683 iniciuntur
778 621 1066 684 catenae.
1136 640 1212 683 ac
1259 619 1587 704 compede,
1632 620 1805 705 quod
1860 620 2245 687 dedecorum
2288 622 2528 688 barba-

162 706 275 793 ris,
311 706 721 791 trahebatur3
771 727 924 773 mox
961 706 1115 792 quia
1149 707 1382 793 vulgus
1421 707 1639 774 duro
1620 709 1893 794 lmperio
1930 709 2249 796 habitum,
2286 713 2529 796 probra

161 817 239 861 ac
297 797 571 861 verbera
622 796 1011 861 intentabat.
1094 798 1163 861 et
1220 799 1408 862 erant
1463 800 1691 862 contra
1745 798 1858 884 qui
1912 801 2170 864 tantam
2226 799 2529 866 fortunae

159 885 741 952 commutationem
804 883 1296 970 miserarentur3
1370 889 1720 971 secutaque
1788 908 1934 953 cum
2010 887 2232 971 parvis
2303 888 2530 954 liberis
2573 904 2635 953 15

161 974 451 1040 coniunx
497 976 730 1039 cuncta
782 974 1250 1039 lamentatione
1295 974 1680 1077 complebat.
1771 976 2043 1041 diversis
2101 979 2167 1040 et
2213 977 2529 1043 contectis

161 1061 482 1129 vehiculis
529 1061 873 1147 abduntur,
918 1063 1074 1128 dum
1116 1061 1583 1129 Pharasmanis
1631 1064 1812 1129 iussa
1856 1064 2358 1149 exquirerentur.
2430 1065 2531 1131 illi

160 1152 402 1236 cupido
439 1151 629 1237 regni
663 1152 865 1216 fratre
894 1154 961 1216 et
996 1151 1132 1216 filia
1167 1152 1388 1236 potior
1421 1152 1805 1237 animusque
1844 1152 2198 1219 sceleribus
2234 1155 2530 1237 paratus3

161 1241 338 1307 visui
390 1244 614 1306 tamen
667 1240 1022 1324 consuluit,
1075 1261 1159 1304 ne
1213 1261 1435 1306 coram
1487 1240 1897 1307 interficeret.
1978 1244 2047 1306 et
2094 1240 2532 1325 Radamistus,

162 1329 354 1413 quasi
410 1330 568 1394 iuris
624 1329 879 1395 iurandi
925 1349 1201 1412 memor,
1252 1351 1389 1395 non
1444 1328 1717 1413 ferrum,
1770 1350 1907 1395 non
1950 1349 2267 1395 venenum
2313 1331 2384 1395 in
2431 1352 2531 1396 so·
2568 1348 2638 1396 20

159 1440 383 1484 rorem
430 1421 496 1482 et
540 1420 844 1502 patruum
889 1416 1229 1502 expromit,
1276 1417 1390 1482 sed
1434 1418 1761 1503 proiectos
1807 1417 1877 1484 in
1920 1418 2190 1484 humum
2239 1422 2306 1484 et
2349 1422 2530 1484 veste

160 1508 375 1572 multa
429 1506 741 1592 gravique
795 1509 1058 1591 opertos
1107 1508 1316 1571 necat.
1395 1505 1519 1571 filii
1575 1527 1828 1591 quoque
1872 1505 2303 1593 Mithridatis,
2358 1508 2532 1594 quod

158 1595 477 1662 caedibus
523 1598 869 1679 parentum
913 1593 1507 1679 inlacrimaverant,
1551 1595 1857 1660 trucidati
1904 1598 2074 1662 sunt.

344 1684 443 1748 At
479 1683 849 1760 Quadratus
885 1703 1286 1768 cognoscens
1322 1683 1657 1768 proditum
1692 1683 2121 1750 Mithridaten
2157 1688 2225 1750 et
2258 1705 2533 1771 regnum
2553 1686 2639 1750 48

54 1772 57 1785 '
160 1775 246 1839 ab
295 1771 826 1838 interfectoribus
873 1772 1182 1857 obtineri,
1235 1775 1427 1837 vocat
1481 1773 1852 1858 consilium,
1907 1772 2097 1840 docet
2142 1775 2290 1840 acta
2335 1777 2402 1839 et
2447 1796 2532 1839 an

157 1863 587 1928 ulcisceretur
650 1861 998 1928 consultat.
1084 1860 1308 1945 paucis
1371 1860 1568 1926 decus
1630 1862 1966 1946 publicum
2030 1884 2248 1945 curae,
2310 1863 2531 1947 plures

156 1954 311 2017 tuta
357 1950 716 2015 disserunt.
762 1971 955 2016 omne
1000 1950 1208 2015 scelus
1256 1952 1595 2015 externum
1637 1972 1787 2017 cum
1829 1951 2085 2016 laetitia
2128 1951 2532 2038 habendum3

159 2038 426 2106 semina
480 2039 678 2103 etiam
735 2037 1032 2104 odiorum
1094 2038 1415 2124 iacienda,
1480 2042 1556 2104 ut
1610 2060 1802 2123 saepe
1863 2040 2193 2124 principes
2249 2003 2532 2105 Romani
2572 2056 2603 2104 5

156 2127 448 2195 eandem
514 2126 895 2192 Armeniam
967 2127 1179 2211 specie
1248 2127 1621 2213 largitionis
1693 2127 2033 2193 turbandis
2105 2127 2532 2194 barbarorum

157 2216 413 2283 animis
478 2216 918 2301 praebuerint.
982 2218 1318 2300 poteretur
1373 2214 1789 2283 Radamistus
1853 2217 2023 2281 male
2081 2217 2314 2302 partis,
2378 2215 2532 2282 dum

153 2306 422 2374 invisus
467 2305 758 2390 infamis,
811 2304 1070 2391 quando
1116 2303 1185 2370 id
1229 2305 1441 2391 magis
1490 2328 1569 2371 ex
1614 2329 1736 2372 usu
1782 2328 1977 2390 quam
2024 2305 2080 2371 si
2125 2327 2273 2372 cum
2320 2305 2533 2391 gloria

155 2397 446 2480 adeptus
500 2395 686 2461 foret.
764 2395 836 2459 in
888 2394 1056 2460 hanc
1103 2394 1493 2459 sententiam
1548 2396 1732 2460 itum.
1814 2417 1908 2460 ne
1953 2399 2176 2460 tamen
2230 2394 2532 2461 adnuisse

154 2484 446 2552 facinori
483 2483 855 2549 viderentur
901 2485 969 2548 et
1014 2482 1271 2548 diversa
1309 2481 1548 2549 Caesar
1592 2485 1860 2567 iuberet,
1907 2483 2092 2549 missi
2137 2484 2220 2549 ad
2260 2483 2534 2550 Pharas·
2578 2500 2643 2551 10

157 2594 420 2640 manen
461 2572 689 2657 nuntii,
734 2575 810 2637 ut
855 2572 1228 2638 abscederet
1263 2593 1304 2636 a
1347 2572 1589 2638 finibus
1637 2573 1968 2638 Armeniis
2013 2572 2347 2657 filiumque
2393 2573 2535 2638 abs-

157 2662 481 2729 traheret.

241 2914 299 2963 9.
338 2922 609 2964 arcanum
646 2904 1141 2989 „gebeimnisvom
1181 2920 1302 2974 my-

164 2978 413 3034 stisch‘fl
444 3008 510 3018 —
538 2978 750 3059 quasi,
754 2976 936 3045 ,weil“
974 2976 1304 3032 bezeichnet

168 3051 287 3105 den
304 3047 535 3103 Grund
520 3066 581 3102 ιιι
605 3047 916 3103 indirekter
933 3047 1115 3115 Rede,
1136 3048 1303 3103 eben-

171 3137 239 3176 so
268 3119 352 3174 im
378 3119 705 3189 folgenden:
735 3120 898 3189 quasi
922 3119 1306 3173 iwrisiwandi

170 3207 379 3246 memor
423 3189 1301 3257 und13‚18.14,65.15‚1o.

175 3268 265 3317 71.
329 3262 466 3316 Erst
500 3261 560 3315 in
595 3260 706 3315 den
741 3261 1013 3316 Annalen.
1071 3259 1126 3314 S.
1155 3259 1302 3315 Einl.
1409 3278 1661 3333 habuere

177 3337 357 3399 §.95

251 3444 340 3494 14.
369 3437 738 3493 intentabant.
772 3435 1041 3492 Dasselbe
1060 3436 1308 3506 Zeugma

171 3509 336 3566 steht
374 3514 423 3576 3,
463 3514 531 3564 36
569 3507 788 3564 domino
823 3523 946 3563 cum
980 3523 1148 3573 voces,
1185 3522 1308 3562 cum

174 3596 384 3637 manae
418 3580 768 3634 intentarent.
808 3578 986 3633 Daffir
1013 3578 1091 3634 ist
1117 3578 1307 3632 besser

172 3650 314 3706 hist.
345 3657 397 3719 3,
426 3656 492 3705 31
532 3650 850 3720 inyerebant
867 3650 1098 3720 probra,
1128 3649 1306 3704 inten-

176 3723 383 3779 tabant
418 3723 576 3777 ictus.

254 3834 343 3884 19.
408 3828 559 3883 visui
620 3827 897 3883 consuluit
960 3842 1056 3893 „er
1117 3826 1308 3881 wollte

172 3901 345 3960 nicht
381 3899 755 3981 Augenzeuge
801 3897 957 3952 sein“
1049 3897 1114 3950 In
1159 3897 1310 3951 dem·

171 3971 381 4027 selben
415 3970 585 4024 Sinne
626 3967 799 4022 haifst
844 3984 903 4022 es
953 3973 1038 4034 15,
1076 3972 1143 4022 61
1191 3968 1311 4023 voci

173 4047 369 4097 tamen
396 4046 447 4096 et
475 4041 720 4122 aspectui
737 4040 998 4120 pepercit.
1053 4039 1166 4094 Das
1203 4038 1310 4094 fol-

168 4112 370 4184 gende
406 4127 478 4166 ne
520 4110 598 4165 ist
633 4126 739 4180 exp
741 4108 945 4165 likativ
991 4110 1081 4163 fiir
1125 4112 1209 4165 ita
1250 4114 1314 4164 ut

171 4199 312 4240 non.
374 4181 468 4252 Vg
469 4182 505 4237 1.
543 4200 611 4235 zu
642 4185 724 4248 11,
758 4186 824 4236 15
860 4182 1099 4237 neritus
1133 4196 1312 4237 sacro·

172 4271 308 4311 rum
347 4254 812 4309 oblitterarentur.

1481 2904 1581 2962 48.
1640 2913 2055 2976 Leoynoscene
2100 2905 2399 2963 aoristisch
2443 2905 2535 2961 fiir

1411 2978 1645 3047 cognita.
1710 2976 1765 3033 S.
1805 2996 1873 3032 zu
1910 2982 1997 3046 11,
2035 2982 2120 3033 35.

1483 3071 1534 3120 4.
1562 3066 1903 3133 habendum,
1909 3064 2371 3132 ,aufzunehmen“
2396 3066 2539 3120 statt

1411 3137 1810 3262 ...QZ
1795 3106 2537 3277 memma

1725 3277 1844 3334 Liv.
1886 3284 1934 3346 7,
1972 3283 2005 3333 5
2042 3294 2144 3334 nec
2172 3309 2240 3319 -
2268 3280 2353 3333 ita
2379 3294 2539 3348 aeyre

1412 3349 1627 3404 habuit.

1488 3442 1538 3492 ’1.
1575 3438 1707 3492 dum
1731 3438 1947 3493 invisus
1972 3438 2220 3505 infamis
2258 3437 2362 3492 Die
2395 3438 2536 3492 Aus-

1413 3507 1649 3577 lassung
1703 3508 1802 3564 des
1848 3508 2223 3579 Konjunktivs
2278 3513 2411 3563 esset
2463 3507 2542 3563 ist

1414 3578 1774 3718 ἓιὲῗςὲισξό
1801 3579 1936 3704 ἱιζινειιΙ
1968 3528 2134 3647 Jforet
2180 3579 2344 3649 folgt.
2412 3577 2538 3647 Vgl.

1489 3743 1539 3792 9.
1581 3737 1733 3792 Statt
1760 3738 1991 3806 adeptus
2028 3736 2275 3793 schreibt
2299 3737 2539 3806 Nipper-

1417 3808 1526 3877 dey
1562 3808 1837 3877 depulsus,
1877 3824 1995 3863 was
2034 3826 2180 3864 zwar
2215 3807 2538 3877 passender‚

1418 3879 1554 3934 aber
1589 3878 1746 3934 nicht
1779 3878 2104 3950 notwendig
2138 3879 2230 3934 ist.

1495 3972 1577 4023 10.
1615 3972 1665 4021 et
1700 3968 1917 4023 diversa
1952 3968 2051 4022 ctt.
2100 3965 2403 4036 „wahrend
2439 3965 2540 4021 der

1417 4039 1617 4094 Kaiser
1645 4041 1818 4095 etwas
1846 4039 2082 4095 anderes
2112 4037 2387 4094 befehle“.
2424 4037 2539 4092 Der

1419 4109 1552 4164 Satz
1596 4110 1674 4165 ist
1717 4111 1844 4165 dem
1878 4109 2115 4180 vorigen
2157 4108 2375 4178 logisch
2412 4109 2539 4164 sub-

1421 4180 1706 4237 ordiniert.
