2867 4625
971 110 1193 166 LIBER
1228 110 1296 167 II.
1372 110 1526 167 CAP.
1570 116 1795 168 16—18.

2423 114 2552 178 105

202 272 478 337 totidem
527 273 695 338 aliae
733 273 1022 359 legiones
1063 277 1128 338 et
1171 274 1333 339 levis
1372 277 1706 340 armatura
1752 296 1899 340 cum
1946 276 2160 360 equite
2206 276 2553 359 sagittario

204 366 583 446 ceteraeque
629 362 952 427 sociorum
1006 362 1325 428 cohortes.

1424 364 1716 428 intentus
1771 367 2165 449 paratusque
2221 363 2437 447 miles,
2481 370 2557 429 ut
2601 366 2620 381 ⁶

205 451 363 517 ordo
413 450 700 535 agminis
746 450 817 514 in
863 450 1068 515 aciem
1116 450 1478 516 adsisteret.

384 538 568 604 Visis
626 536 1099 604 Cheruscorum
1163 540 1478 622 catervis,
1542 561 1707 624 quae
1780 561 1896 624 per
1961 539 2270 606 ferociam
2329 563 2554 626 proru·
2583 544 2660 608 17

201 630 474 713 perant,
521 625 958 692 validissimos
1007 629 1300 712 equitum
1355 629 1685 693 incurrere
1729 629 1930 712 latus,
1985 626 2367 694 Stertinium
2412 651 2556 694 cum

203 716 445 781 ceteris
510 716 745 780 turmis
809 715 1235 800 circumgredi
1297 721 1613 801 tergaque
1676 717 1982 782 invadere
2034 717 2248 800 iubet,
2302 719 2444 801 ipse
2486 719 2558 783 in

199 809 506 889 tempore
543 804 898 870 adfuturus.
961 806 1213 870 interea
1247 804 1755 889 pulcherrimum
1796 805 2157 890 augurium,
2192 810 2340 871 octo
2379 808 2556 892 aqui·

198 894 303 958 lae
359 898 584 978 petere
633 893 828 958 silvas
875 898 941 958 et
984 894 1229 958 intrare
1274 894 1450 958 visae
1496 894 1955 977 imperatorem
2003 895 2357 959 advertere.
2449 917 2551 960 ex·
2576 911 2609 961 5

200 983 449 1048 clamat
512 983 709 1065 irent,
773 987 1197 1066 sequerentur
1252 981 1584 1047 Romanas
1656 1004 1839 1067 aves,
1898 983 2165 1066 propria
2228 982 2559 1067 legionum

197 1072 498 1136 numina.

195 1165 577 1245 postremos
633 1180 709 1223 ac
761 1158 968 1224 latera
1024 1158 1300 1244 impulit.

607 1071 801 1141 simul
851 1069 1171 1155 pedestris
1228 1072 1399 1136 acies
1455 1069 1732 1136 infertur
1788 1076 1854 1135 et
1907 1071 2300 1154 praemissus
2362 1092 2558 1155 eques

1403 1161 1765 1246 mirumque
1820 1159 2024 1241 dictu,
2080 1159 2206 1224 duo
2270 1159 2558 1225 hostium

198 1250 476 1334 agmina
540 1247 792 1312 diversa
854 1248 1043 1334 fuga,
1109 1248 1218 1333 qui
1279 1248 1514 1313 silvam
1576 1251 1951 1328 tenuerant,
2005 1248 2075 1311 in
2131 1250 2384 1331 aperta,
2448 1250 2556 1333 qui

197 1338 453 1421 campis
503 1335 917 1420 adstiterant‚
970 1336 1042 1401 in
1088 1337 1323 1402 silvam
1368 1336 1671 1403 ruebant.
1768 1336 1965 1401 medii
2008 1336 2181 1401 inter
2224 1337 2346 1401 hos
2395 1333 2552 1401 Che·
2577 1353 2644 1402 10

193 1427 379 1491 rusci
416 1424 693 1489 collibus
729 1425 1253 1506 detrudebantur,
1278 1426 1453 1489 inter
1489 1446 1649 1509 quos
1686 1425 1963 1510 insignis
1993 1424 2330 1490 Arminius
2358 1447 2557 1490 manu

196 1536 359 1580 voce
416 1514 681 1579 vulnere
737 1516 1151 1579 sustentabat
1202 1535 1512 1598 pugnam.
1613 1515 2118 1599 incubueratque
2179 1513 2557 1597 sagittariis,

193 1604 315 1668 illa
376 1604 720 1686 rupturus,
774 1602 844 1666 ni
895 1601 1254 1667 Raetorum
1307 1602 1924 1687 Vindelicorumque
1990 1606 2055 1667 et
2109 1600 2397 1667 Gallicae
2453 1624 2557 1668 co·

186 1692 428 1757 hortes
478 1691 669 1776 signa
714 1690 1120 1756 obiecissent.
1201 1692 1351 1757 nisu
1398 1694 1617 1756 tamen
1664 1692 1952 1774 corporis
2000 1694 2069 1755 et
2112 1692 2363 1775 impetu
2409 1691 2558 1774 equi

194 1779 522 1865 pervasit,
579 1779 821 1844 oblitus
885 1778 1120 1844 faciem
1176 1802 1293 1845 suo
1351 1801 1607 1864 cruore,
1672 1801 1750 1844 ne
1815 1781 2207 1844 nosceretur.
2299 1778 2558 1862 quidam
2579 1795 2645 1844 15

195 1869 548 1954 adgnitum
597 1890 636 1932 a
683 1865 958 1933 Chaucis
996 1869 1170 1933 inter
1216 1868 1463 1933 auxilia
1499 1868 1802 1935 Romana
1838 1868 2184 1952 agentibus
2223 1867 2558 1932 emissum-

196 1980 326 2042 que
373 1956 800 2023 tradiderunt.
889 1958 1095 2021 virtus
1135 1979 1248 2021 seu
1283 1957 1466 2022 fraus
1514 1958 1737 2022 eadem
1783 1956 2200 2042 Inguiomero
2248 1956 2558 2039 effugium

195 2046 405 2110 dedit:
469 2043 669 2110 ceteri
712 2044 961 2128 passim
1003 2046 1329 2111 trucidati.
1412 2049 1481 2110 et
1524 2046 1865 2130 plerosque
1912 2051 2175 2110 tranare
2220 2042 2558 2129 Visurgim

195 2137 515 2199 conantes
552 2132 790 2198 iniecta
825 2133 958 2199 tela
994 2136 1109 2199 aut
1145 2135 1246 2199 vis
1283 2135 1593 2217 fluminis,
1622 2139 1950 2218 postremo
1990 2135 2192 2198 moles
2230 2133 2557 2198 ruentium

196 2227 263 2288 et
320 2222 682 2287 incidentes
737 2222 919 2306 ripae
976 2243 1301 2306 operuere.

1411 2222 1679 2308 quidam
1733 2223 1911 2307 turpi
1965 2222 2125 2308 fuga
2178 2222 2248 2285 in
2304 2242 2556 2286 summa
2574 2236 2644 2285 20

196 2312 518 2377 arborum
563 2310 689 2376 nisi
744 2310 1071 2395 ramisque
1120 2334 1189 2376 se
1237 2313 1638 2377 occultantes
1699 2312 1979 2378 admotis
2029 2309 2392 2396 sagittariis
2438 2332 2556 2396 per

194 2399 557 2465 ludibrium
601 2399 995 2484 figebantur,
1041 2400 1203 2465 alios
1250 2404 1554 2484 prorutae
1600 2401 1863 2465 arbores
1912 2400 2235 2463 adflixere.

369 2486 620 2571 Magna
674 2508 751 2551 ea
803 2489 1074 2553 victoria
1126 2511 1337 2573 neque
1399 2492 1669 2554 cruenta
1713 2488 1900 2553 nobis
1956 2487 2096 2552 fuit.
2190 2486 2419 2570 quinta
2465 2485 2548 2550 ab
2575 2489 2658 2554 18

198 2578 368 2642 hora
416 2576 547 2639 diei
594 2574 676 2640 ad
722 2581 974 2674 noctem
1024 2578 1195 2641 caesi
1250 2577 1474 2642 hostes
1523 2576 1743 2641 decem
1789 2576 1974 2639 milia
2017 2595 2326 2659 passuum
2374 2573 2559 2638 cada-

267 2721 356 2771 13.
433 2714 694 2769 adsistere
742 2716 1111 2782 „antreten“,
1166 2714 1326 2769 nicht

196 2786 386 2842 selten
441 2785 500 2839 in
557 2785 666 2838 den
711 2784 998 2840 Historien
1051 2786 1166 2839 und
1211 2786 1323 2840 An·

195 2858 396 2918 nalem
434 2854 630 2910 friiher
675 2855 861 2926 wenig
905 2857 1323 2926 gebrauchlich,

192 2928 303 2983 wie
361 2925 477 2980 Cic.
530 2925 681 2997 legg.
739 2933 798 2994 2,
849 2933 884 2982 4
936 2933 1001 2981 ut
1048 2928 1113 2981 in
1160 2933 1328 2997 ponte

194 3015 349 3054 unus
387 2999 684 3052 adsisteret
772 2997 906 3052 Sall.
947 2997 1065 3054 Cat.
1105 3004 1173 3052 59
1210 3000 1326 3068 ipse

187 3074 425 3138 propter
461 3069 706 3137 aquilam
741 3070 976 3124 adsistit.

271 3157 373 3213 17.
423 3162 476 3210 3.
524 3158 911 3228 circumgredi,
955 3175 998 3212 s.
1036 3175 1103 3211 zu
1143 3164 1201 3226 1,
1240 3163 1326 3214 64.

270 3253 325 3302 5.
343 3246 621 3300 advertere
633 3244 1042 3312 „aufmerksam
1053 3246 1326 3301 machen“

197 3316 311 3372 wie
348 3322 396 3385 1,
428 3322 497 3370 41
528 3317 759 3385 yemitus
786 3333 852 3372 ac
875 3319 1134 3386 planctus
1161 3319 1328 3373 etiam

195 3388 442 3443 mt'litum
481 3403 644 3441 aures
681 3403 780 3441 ora
858 3404 883 3442 e
913 3390 1203 3445 advertere.
1252 3388 1326 3444 So

197 3458 315 3512 erst
349 3458 432 3510 im
469 3455 751 3512 silbernen
784 3501 790 3511 .
835 3458 1005 3524 stein,
1042 3457 1151 3514 wie
1180 3458 1324 3514 Plin.

198 3546 286 3598 ep.
318 3534 370 3595 9,
392 3534 463 3582 26
491 3544 672 3583 omnes
699 3530 933 3584 advertit
960 3532 1107 3599 quod
1133 3532 1328 3585 eminet

270 3686 320 3735 ’1.
371 3679 613 3734 numina
661 3678 1141 3747 „G6tterboten“‚
1197 3697 1327 3734 vom

198 3750 423 3820 Jupiter
466 3749 734 3819 gesandt3
795 3749 919 3804 eine
973 3750 1163 3805 kfihne
1210 3749 1325 3805 Me-

198 3822 419 3890 tapher‚
457 3820 604 3876 ohne
641 3818 938 3876 Parallele.

273 3913 357 3964 10.
435 3910 647 3977 eampis
693 3908 836 3962 statt
870 3909 934 3962 in
970 3910 1196 3977 campis.
1272 3908 1326 3963 S.

202 3978 343 4035 Einl.
384 3985 433 4044 §-
473 3983 558 4032 35.

273 4064 357 4114 11.
416 4074 589 4113 marm
622 4074 748 4114 voce
780 4060 1031 4127 vulnere,
1069 4058 1161 4112 ein
1197 4058 1328 4114 stei·
1403 4081 1407 4085 ·

202 4129 413 4199 gendes
449 4128 780 4197 Asyndeton
807 4129 914 4184 wie
949 4134 1029 4197 16,
1071 4136 1139 4185 29
1167 4131 1327 4185 vultu

203 4215 323 4255 voce
365 4200 543 4254 oculis
588 4201 954 4270 ardescerent,
992 4198 1126 4254 hist.
1166 4207 1217 4268 8,
1258 4205 1322 4255 17

203 4271 429 4327 consilio
474 4287 651 4325 manu
704 4286 830 4326 voce
882 4272 1122 4341 insiynis
1166 4272 1324 4326 hosti.

1436 2722 1504 2770 58
1523 2716 1684 2769 vultu
1713 2730 1838 2770 voce
1857 2714 2100 2769 lacrimis
2126 2712 2558 2768 misericordiam

1431 2787 1635 2843 elicere.

1509 2862 1594 2912 13.
1658 2861 1930 2926 rupturus
1973 2856 2138 2922 (statt
2164 2854 2558 2923 perruptum-us)

1434 2927 1541 2982 mit
1577 2927 1900 2997 folgendem
1934 2927 2023 2993 πί,
2073 2924 2177 2980 wie
2213 2924 2347 2978 hist.
2387 2930 2447 2990 3,
2490 2930 2556 2979 19

1433 3001 1663 3067 rupturi
1735 2998 2051 3066 imperium,
2124 2996 2189 3051 πί
2259 2995 2556 3050 ducantur.

1433 3069 1657 3124 Ebenso
1687 3069 1794 3123 mit
1827 3070 1879 3124 si
1915 3086 2042 3123 ann.
2075 3072 2124 3135 1,
2152 3073 2222 3121 36
2263 3068 2315 3121 si
2348 3067 2559 3121 omitte-

1434 3146 1588 3199 retur
1624 3141 1782 3210 ripa,
1820 3141 2135 3195 iuvemus.
2206 3136 2374 3191 Diese
2410 3136 2558 3191 Kon-

1440 3211 1749 3280 struktion‚
1795 3210 1887 3265 die
1934 3210 2027 3264 bei
2079 3209 2190 3262 den
2235 3208 2559 3262 Klassikern

1435 3283 1553 3336 und
1581 3281 1773 3365 Nepos
1811 3281 1971 3348 fehlt,
2010 3281 2111 3333 hat
2138 3279 2329 3333 Livius
2358 3279 2556 3346 zuerst,

1437 3352 1588 3407 dann
1634 3353 1725 3406 die
1776 3350 2178 3407 Schriftsteller
2215 3349 2310 3404 des
2357 3349 2554 3403 silber-

1435 3440 1547 3478 nen
1585 3422 1898 3477 Zeitalters.
1942 3451 2008 3462 —
2046 3408 2197 3475 Uber
2235 3420 2325 3473 die
2362 3418 2558 3473 Ratier

1434 3494 1550 3549 und
1589 3492 1929 3547 Vindelicier
1966 3511 2008 3547 s.
2046 3510 2113 3545 zu
2151 3496 2199 3558 1,
2238 3496 2323 3544 44.

1511 3572 1594 3619 16.
1654 3563 1758 3617 Die
1800 3562 2086 3629 Chauken,
2115 3562 2395 3616 zwischen
2422 3560 2555 3613 Ems

1433 3633 1551 3688 und
1577 3632 1738 3702 Elbe,
1775 3635 1962 3688 haben
1998 3631 2172 3688 sehon
2206 3634 2286 3686 im
2323 3632 2557 3701 vorigen

1432 3705 1603 3760 Jahre
1628 3703 1752 3759 ihre
1779 3703 1951 3758 Hulfe
1990 3705 2276 3773 zugesagt,
2304 3703 2435 3757 weil
2462 3701 2554 3755 die

1436 3774 1751 3830 Cherusker
1775 3775 1897 3829 ihre
1924 3773 2135 3828 Feiude
2162 3773 2304 3827 sind.
2355 3773 2557 3842 Spater

1436 3845 1654 3915 greifen
1682 3845 1763 3899 sie
1782 3843 1890 3899 mit
1914 3842 2110 3898 Civilis
2129 3843 2221 3898 die
2239 3844 2445 3897 Romer
2463 3860 2555 3896 an.

1512 3922 1595 3971 17.
1658 3902 1812 3971 Uber
1845 3915 2185 3986 Inguiomer‚
2219 3914 2329 3967 den
2352 3911 2554 3967 Oheim

1436 3987 1536 4042 des
1573 3985 1878 4055 Arminius,
1914 3985 2028 4054 vgl.
2072 3991 2120 4049 1,
2158 3989 2241 4038 60.

1508 4065 1593 4113 21.
1666 4060 1818 4113 nitor
1881 4055 2422 4127 „hinaufklettern“
2493 4053 2555 4107 in

1437 4128 1649 4184 diesem
1707 4129 1875 4185 Sinne
1931 4125 2270 4183 dichterisch
2324 4124 2442 4179 und
2494 4140 2555 4177 in

1434 4203 1687 4269 spaterer
1721 4201 1911 4256 Prosa.
2504 4264 2516 4275 ·

1506 4271 1606 4325 18.
1642 4277 1692 4325 2.
1730 4272 1906 4326 decem
1931 4270 2091 4324 milia
2106 4269 2414 4337 passuwm.'
2445 4265 2553 4319 D1e
