2867 4625
428 0 487 8 τ

911 85 1130 142 LIBER
1168 87 1233 144 V.
1311 85 1468 145 cAP.
1502 94 1656 144 1—3.
2337 90 2469 157 253

156 249 488 316 Germanici
553 248 807 315 adnexa
869 271 1242 316 communes
1306 255 1702 338 pronepotes
1765 252 2011 319 habuit.
2120 253 2470 320 sanctitate

154 340 349 404 domus
393 337 683 425 priscum
730 339 812 404 ad
844 361 1126 425 morem,
1172 340 1374 406 comis
1419 342 1596 405 ultra
1640 363 1837 427 quam
1883 342 2172 427 antiquis
2209 342 2470 408 feminis

150 429 491 512 probatum,
536 432 743 493 mater
786 429 1115 514 inpotens,
1159 452 1321 495 uxor
1365 429 1576 495 facilis
1624 435 1690 495 et
1735 451 1884 496 cum
1929 432 2184 497 artibus
2231 432 2472 518 mariti,

151 517 530 583 simulatione
574 518 697 582 filii
739 518 908 583 bene
955 519 1334 604 composita.
1424 518 1619 584 funus
1665 519 1805 584 eius
1860 519 2214 606 modicum,
2265 524 2472 586 testa-

150 610 405 671 mentum
450 606 561 671 diu
605 606 872 672 inritum
918 606 1061 672 fuit.
1130 607 1398 672 laudata
1445 611 1547 673 est
1587 628 1709 692 pro
1754 608 1985 674 rostris
2027 631 2067 674 a
2105 607 2271 676 Gaio
2310 608 2469 676 Cae·
2509 626 2577 677 15

151 716 265 759 sare
303 698 686 780 pronepote,
732 696 843 780 qui
887 718 1043 762 mox
1086 718 1302 761 rerum
1347 697 1599 780 potitus
1646 699 1763 762 est.

293 786 385 849 At
429 784 757 870 Tiberine,
811 785 985 870 quod
1039 786 1355 869 supremis
1411 785 1482 850 in
1536 789 1813 850 matrem
1860 785 2093 851 officiis
2140 786 2468 872 defuisset,
2505 789 2547 853 2

146 872 282 936 nihil
325 876 578 938 mutata
623 874 1015 939 amoenitate
1061 874 1257 953 vitae,
1312 873 1829 959 magnitudinem
1882 875 2300 961 negotiorum
2352 898 2472 962 per

145 960 365 1027 litteras
412 961 775 1047 excusavit,
827 961 1236 1049 honoresque
1291 963 1643 1029 memoriae
1690 963 1828 1029 eius
1876 964 1957 1028 ab
2008 967 2236 1030 senatu
2281 965 2467 1049 large

147 1049 404 1116 decretos
479 1051 666 1135 quasi
736 1072 852 1136 per
923 1051 1308 1118 modestiam
1380 1052 1743 1136 imminuit,
1815 1052 2041 1139 paucis
2117 1053 2466 1119 admodum

146 1139 393 1227 receptis
440 1144 509 1205 et
554 1140 774 1205 addito
820 1161 903 1205 ne
948 1141 1243 1207 caelestis
1289 1141 1522 1227 religio
1572 1141 2046 1226 decerneretur3
2104 1143 2198 1207 sic
2252 1143 2466 1228 ipsam
2505 1159 2538 1208 5

143 1227 439 1293 maluisse.
533 1228 691 1315 quin
738 1232 804 1295 et
847 1233 1032 1314 parte
1078 1230 1368 1296 eiusdem
1415 1229 1730 1316 epistulae
1776 1230 2097 1315 increpuit
2142 1231 2467 1297 amicitias

146 1317 498 1404 muliebres,
557 1317 812 1383 Fufium
875 1319 1211 1385 consulem
1271 1318 1535 1404 oblique
1587 1319 2056 1407 perstringens.
2145 1320 2205 1384 is
2251 1320 2468 1405 gratia

145 1403 456 1492 Augustae
500 1407 826 1493 floruerat,
873 1411 1063 1493 aptus
1110 1408 1491 1475 adliciendis
1537 1407 1929 1475 feminarum
1979 1409 2235 1494 animis,
2279 1409 2469 1475 dicax

144 1492 290 1560 idem
350 1500 417 1560 et
481 1496 814 1561 Tiberium
877 1497 1127 1563 acerbis
1191 1496 1447 1563 facetiis
1511 1497 1788 1564 inridere
1853 1497 2085 1565 solitus
2101 1549 2119 1583 ,
2191 1519 2466 1583 quarum

148 1583 295 1666 apud
335 1588 787 1669 praepotentes
832 1585 903 1650 in
946 1586 1219 1671 longum
1262 1586 1580 1651 memoria
1626 1589 1744 1653 est.
2505 1603 2573 1653 10

282 1671 602 1739 ‘Ceterum
647 1696 735 1760 ,ex
782 1696 858 1740 eo
903 1679 1255 1761 praerupta
1296 1675 1429 1740 iam
1476 1679 1542 1740 et
1587 1697 1826 1762 urgens
1874 1674 2258 1760 dominatio3
2311 1698 2467 1741 nam
2502 1676 2545 1742 3

142 1758 419 1826 incolumi
461 1761 768 1847 Augusta
812 1768 955 1829 erat
998 1764 1208 1829 adhuc
1261 1763 1664 1850 perfugium,
1718 1764 1872 1849 quia
1916 1764 2180 1831 Tiberio
2224 1764 2467 1830 invete-

144 1854 332 1915 ratum
376 1873 533 1937 erga
577 1855 855 1917 matrem
903 1853 1304 1938 obsequium,
1349 1874 1560 1938 neque
1598 1852 1870 1918 Seianus
1917 1853 2197 1919 audebat
2243 1857 2464 1920 aucto·

143 1937 300 2003 ritati
349 1940 639 2024 parentis
687 1940 961 2007 anteiret
1014 1945 1170 2007 tunc
1214 1942 1393 2006 velut
1439 1941 1639 2008 frenis
1687 1943 1966 2008 exsoluti
2012 1946 2466 2028 proruperunt,

143 2028 475 2113 missaeque
529 2030 601 2094 in
644 2029 1078 2115 Agrippinam
1133 2053 1209 2097 ac
1261 2029 1594 2097 Neronem
1647 2031 1935 2116 litterae,
1995 2053 2156 2116 quas
2209 2031 2464 2116 pridem
2503 2048 2535 2098 5

146 2115 366 2182 adlatas
422 2122 491 2183 et
542 2118 864 2184 cohibitas
921 2120 1003 2185 ab
1060 2119 1363 2207 Augusta
1416 2119 1690 2185 eredidit
1744 2121 2006 2205 vulgus3
2061 2119 2237 2185 haud
2292 2121 2465 2184 enim

144 2206 395 2273 multum
437 2212 592 2291 post
634 2212 912 2273 mortem
958 2209 1095 2274 eius
1142 2210 1453 2274 recitatae
1500 2212 1669 2275 sunt.
1740 2210 1939 2275 verba
1974 2208 2234 2273 inerant
2271 2230 2466 2293 quae-

147 2294 252 2360 sita
302 2296 680 2381 asperitate3
740 2295 852 2362 sed
904 2320 1037 2364 non
1092 2321 1302 2377 arma,
1355 2321 1490 2364 non
1536 2321 1752 2365 rerum
1796 2321 2112 2364 novarum
2159 2297 2465 2383 studium,

148 2404 371 2450 amores
415 2387 720 2451 iuvenum
766 2389 834 2451 et
874 2386 1325 2471 inpudicitiam
1369 2388 1594 2472 nepoti
1642 2388 2030 2453 obiectabat.
2114 2390 2185 2452 in
2228 2408 2465 2452 nurum

143 2492 210 2537 ne
261 2474 323 2539 id
383 2475 644 2559 quidem
704 2475 1070 2561 confingere
1127 2499 1351 2562 ausus,
1415 2475 1871 2562 adrogantiam
1931 2477 2062 2543 oris
2118 2479 2184 2541 et
2238 2479 2461 2541 contu·
2503 2492 2570 2543 10

146 2581 364 2628 macem
412 2563 700 2629 animum
752 2564 1098 2649 incusavit,
1153 2585 1392 2650 magno
1451 2569 1717 2631 senatus
1770 2587 2011 2649 pavore
2058 2586 2133 2630 ac
2180 2564 2462 2649 silentio,

148 2649 320 2717 donec
382 2653 603 2737 pauci,
669 2654 811 2738 quis
874 2653 1057 2719 nulla
1121 2676 1199 2719 ex
1260 2654 1539 2720 honesto
1606 2675 1753 2738 spes
1815 2654 1911 2739 (et
1967 2653 2233 2738 publica
2292 2655 2463 2720 male

149 2737 392 2825 singulis
435 2742 506 2805 in
551 2743 957 2808 occasionem
1002 2744 1256 2830 gratiae
1300 2742 1678 2829 trahuntur)
1723 2746 1799 2807 ut
1841 2743 2192 2808 referretur
2243 2747 2465 2828 postu-

177 2919 280 2994 ⁸13.
331 2916 584 2997 inpotens
638 2932 781 2984 „von
838 2915 1235 2972 leidenschaft-
1414 2918 1476 2975 3.
1532 2924 1581 2974 1.
1628 2921 1960 2988 praerupta.
2005 2916 2135 2987 Vgl.
2178 2922 2273 2999 16,
2303 2922 2333 2971 '1
2370 2918 2462 2971 iu-

156 2983 307 3040 hcher
349 2986 523 3042 Liebe
567 3005 637 3041 zu
682 2988 863 3042 ihrem
910 2985 1096 3043 Sohne
1143 2987 1235 3042 Ti·
1342 3004 1526 3044 venem
1561 2990 1749 3044 animo
1775 2993 2160 3060 praeruptum.
2212 2986 2324 3044 Cic.
2360 3005 2463 3058 pro

154 3053 363 3124 berius“,
402 3059 476 3113 da
502 3058 583 3113 sie
612 3058 913 3128 angeblich
939 3057 1075 3114 kein
1101 3059 1237 3114 Ver·
1344 3060 1509 3115 Rosc.
1537 3059 1661 3115 Am.
1692 3065 1763 3115 24
1786 3065 2100 3130 praerupta
2139 3060 2398 3115 audacia.

151 3123 363 3182 bfesshen
385 3131 634 3197 Scheutflae
661 3147 758 3183 um
775 3129 897 3183 ihm
917 3130 1026 3184 den
1044 3130 1237 3185 Thron
1413 3145 1467 3195 4.
1503 3141 1714 3196 anteire
1747 3141 1854 3195 mit
1889 3139 2016 3195 dem
2053 3137 2227 3194 Dativ
2262 3138 2462 3195 heirstz

152 3212 208 3249 zu
237 3199 587 3255 verschaffen.
624 3232 693 3241 —
728 3202 933 3282 facili-9,
972 3201 1121 3255 donn
1154 3199 1235 3256 sie
1343 3227 1446 3266 vor
1489 3210 1723 3280 jemand
1773 3212 2062 3282 hei-gehen
2112 3211 2164 3265 d.
2203 3210 2259 3265 h.
2311 3210 2461 3266 hier:

153 3283 252 3320 war
297 3270 431 3341 klug
480 3288 699 3342 genug,
751 3272 845 3327 dre
893 3271 1236 3344 Schwachen
1342 3281 1658 3352 machtiger
1696 3282 1832 3337 sein,

152 3334 235 3390 des
259 3338 535 3410 Augustus
573 3360 643 3396 zu
676 3340 890 3398 dulden
915 3342 1032 3397 und
1060 3342 1239 3398 selbst
1415 3366 1468 3416 5,
1530 3362 1854 3432 miggaeque,
1909 3360 2157 3417 namuel,
2217 3378 2292 3416 gn
2352 3362 2462 3415 den

151 3422 243 3463 von
274 3412 446 3468 sciner
472 3414 723 3469 Untreue
761 3414 929 3469 keine
967 3413 1133 3469 Notiz
1168 3430 1237 3467 zu
1346 3431 1533 3487 Senat,
1599 3432 1734 3488 Dies
1761 3432 2031 3503 Regkript
2055 3448 2174 3486 war
2201 3433 2323 3487 also
2351 3449 2465 3488 von

152 3481 373 3539 nehmen·
1344 3504 1446 3557 der
1480 3502 1643 3559 Livia
1679 3503 2071 3574 aufgefangen.

210 3555 283 3608 14·
341 3560 718 3611 testamentum
752 3560 846 3612 αὖ·
909 3554 1040 3611 Erat
1086 3554 1234 3611 Cali-
1417 3596 1467 3647 7.
1504 3592 1736 3647 multum
1762 3591 1903 3647 statt
1926 3591 2116 3660 multo,
2141 3592 2285 3647 auch
2318 3597 2402 3660 12,
2427 3598 2463 3646 4

152 3623 267 3750 ⁸¹¹3?
296 3626 1237 3768 ῗωεῗωῖξῖιῖειῖἒιῗθΕἶῗέὲὴηῑᾱῑ-
1342 3663 1496 3801 QZ
1529 3664 1832 3804 22⁴?sz
1832 3663 2078 3805 ”3133
2109 3662 2200 3717 ὼ
2239 3663 2460 3719 Grai*

153 3778 283 3836 gung
308 3769 630 3836 anffihren“,
660 3769 766 3824 wie
795 3776 846 3838 3,
879 3775 964 3825 11.
1012 3769 1234 3824 Ebenso
2016 3823 2028 3835 ,

154 3831 229 3888 bei
259 3837 457 3907 Cicero,
497 3838 671 3895 Casar
705 3840 823 3894 und
857 3841 1065 3896 Livius.
1415 3827 1468 3876 9·
1533 3838 1741 3878 amor&
1794 3828 1914 3891 etta
1979 3839 2072 3878 01¹1
2136 3823 2465 3892 Assyndeton

211 3912 254 3960 5,
288 3912 487 3980 addito,
525 3928 567 3967 Β,
597 3928 667 3965 zu
704 3918 755 3980 3,
784 3918 835 3967 2,
1344 3894 1788 3962 adversativum,
1844 3893 1953 3949 wie
1999 3900 2059 3964 4,
2109 3900 2178 3950 35
2232 3911 2464 3965 quorum

212 3983 253 4032 8.
287 3988 444 4050 aptus
477 3981 586 4036 mit
621 3982 749 4036 dem
785 3982 955 4038 Dafiv
993 3982 1092 4038 des
1131 3980 1237 4038 Ge.
1342 3981 1459 4020 mm
1477 3966 1651 4049 'mdo
1686 3966 1929 4034 ltbertffl,
1967 3967 2132 4022 etiam
2157 3966 2331 4022 libido
2356 3967 2464 4021 im·

153 4049 458 4122 mndivums,
498 4053 602 4108 wie
639 4059 691 4122 2,
723 4060 771 4109 c.
811 4060 863 4123 3,
891 4058 979 4110 31.
1336 4042 1563 4105 pumta.
1620 4036 1920 4094 Germ-10·

164 4187 173 4198 ·
214 4125 285 4175 10.
335 4126 396 4178 in
440 4127 680 4195 lonyum.
737 4123 866 4195 Vgl.
906 4131 956 4194 1,
994 4130 1063 4180 69
1109 4125 1239 4181 odia
1426 4130 1531 4180 13:
1566 4126 1894 4192 trahuntwr‚
1946 4123 2054 4181 wie
2109 4132 2168 4193 3,
2216 4131 2283 4180 53
2339 4141 2465 4181 cum

152 4204 205 4241 m
234 4192 440 4266 lcnyum
475 4198 701 4252 iaciens.
741 4202 792 4266 3,
816 4202 883 4252 27
913 4197 1087 4252 otium
1121 4198 1239 4254 eius
1342 4203 1485 4252 recte
1510 4197 1782 4264 factorum
1816 4197 1927 4252 sibi
1960 4198 2186 4266 quisque
2219 4199 2465 4268 qratiam

147 4261 219 4315 rei
247 4264 387 4323 haud
418 4270 483 4323 in
519 4269 744 4339 longum
772 4269 1018 4338 paravit.
1343 4269 1591 4324 trahant.
