<?xml version="1.0" encoding="UTF-8"?>
<!DOCTYPE html PUBLIC "-//W3C//DTD XHTML 1.0 Transitional//EN"
    "http://www.w3.org/TR/xhtml1/DTD/xhtml1-transitional.dtd">
<html xmlns="http://www.w3.org/1999/xhtml" xml:lang="en" lang="en">
 <head>
  <title>
</title>
<meta http-equiv="Content-Type" content="text/html;charset=utf-8" />
  <meta name='ocr-system' content='tesseract 3.04.00' />
  <meta name='ocr-capabilities' content='ocr_page ocr_carea ocr_par ocr_line ocrx_word'/>
</head>
<body>
  <div class='ocr_page' id='page_1' title='image "./dieannalendesta00draegoog_0078.png"; bbox 0 0 2867 4625; ppageno 0'>
   <div class='ocr_carea' id='block_1_1' title="bbox 324 57 2033 130">
    <p class='ocr_par' dir='ltr' id='par_1_1' title="bbox 324 57 2033 130">
     <span class='ocr_line' id='line_1_1' title="bbox 324 57 2033 130; baseline -0.001 -14"><span class='ocrx_word' id='word_1_1' title='bbox 324 64 410 130; x_wconf 84' lang='lat'><strong>66</strong></span> <span class='ocrx_word' id='word_1_2' title='bbox 978 59 1322 116; x_wconf 84' lang='lat' dir='ltr'>CORNELII</span> <span class='ocrx_word' id='word_1_3' title='bbox 1358 57 1603 115; x_wconf 86' lang='lat' dir='ltr'>TACITI</span> <span class='ocrx_word' id='word_1_4' title='bbox 1641 59 2033 115; x_wconf 82' lang='lat' dir='ltr'>ANNALIUM</span> 
     </span>
    </p>
   </div>
   <div class='ocr_carea' id='block_1_2' title="bbox 220 221 2687 2791">
    <p class='ocr_par' dir='ltr' id='par_1_2' title="bbox 220 221 2687 2791">
     <span class='ocr_line' id='line_1_2' title="bbox 326 221 2686 309; baseline -0.002 -17"><span class='ocrx_word' id='word_1_5' title='bbox 326 249 472 292; x_wconf 91' lang='lat' dir='ltr'><strong>rum</strong></span> <span class='ocrx_word' id='word_1_6' title='bbox 547 224 1008 291; x_wconf 87' lang='lat' dir='ltr'><strong>Germanicum</strong></span> <span class='ocrx_word' id='word_1_7' title='bbox 1080 221 1336 289; x_wconf 89' lang='lat' dir='ltr'><strong>adeunt.</strong></span> <span class='ocrx_word' id='word_1_8' title='bbox 1427 221 1590 287; x_wconf 91' lang='lat' dir='ltr'><strong>duae</strong></span> <span class='ocrx_word' id='word_1_9' title='bbox 1654 222 1747 287; x_wconf 90' lang='lat' dir='ltr'><strong>ibi</strong></span> <span class='ocrx_word' id='word_1_10' title='bbox 1808 222 2126 307; x_wconf 78' lang='lat' dir='ltr'>legiones,</span> <span class='ocrx_word' id='word_1_11' title='bbox 2197 223 2411 309; x_wconf 89' lang='lat' dir='ltr'><strong>prima</strong></span> <span class='ocrx_word' id='word_1_12' title='bbox 2484 227 2686 309; x_wconf 88' lang='lat' dir='ltr'><strong>atque</strong></span> 
     </span>
     <span class='ocr_line' id='line_1_3' title="bbox 325 310 2683 398; baseline -0.001 -17"><span class='ocrx_word' id='word_1_13' title='bbox 325 316 708 398; x_wconf 85' lang='lat' dir='ltr'><strong>vicensima,</strong></span> <span class='ocrx_word' id='word_1_14' title='bbox 781 312 1197 395; x_wconf 74' lang='lat' dir='ltr'><strong>veteranique</strong></span> <span class='ocrx_word' id='word_1_15' title='bbox 1261 332 1469 395; x_wconf 89' lang='lat' dir='ltr'><strong>nuper</strong></span> <span class='ocrx_word' id='word_1_16' title='bbox 1532 310 1718 375; x_wconf 92' lang='lat' dir='ltr'><strong>missi</strong></span> <span class='ocrx_word' id='word_1_17' title='bbox 1782 312 1904 375; x_wconf 92' lang='lat' dir='ltr'><strong>sub</strong></span> <span class='ocrx_word' id='word_1_18' title='bbox 1969 312 2208 377; x_wconf 82' lang='lat' dir='ltr'><strong>vexillo</strong></span> <span class='ocrx_word' id='word_1_19' title='bbox 2281 312 2683 378; x_wconf 76' lang='lat' dir='ltr'><strong>hiemabant.</strong></span> 
     </span>
     <span class='ocr_line' id='line_1_4' title="bbox 323 399 2685 488; baseline -0.002 -18"><span class='ocrx_word' id='word_1_20' title='bbox 323 404 594 488; x_wconf 80' lang='lat' dir='ltr'><strong>pavidos</strong></span> <span class='ocrx_word' id='word_1_21' title='bbox 641 407 707 468; x_wconf 91' lang='lat' dir='ltr'><strong>et</strong></span> <span class='ocrx_word' id='word_1_22' title='bbox 751 401 1148 468; x_wconf 87' lang='lat' dir='ltr'><strong>conscientia</strong></span> <span class='ocrx_word' id='word_1_23' title='bbox 1191 399 1539 465; x_wconf 79' lang='lat' dir='ltr'><strong>vaecordes</strong></span> <span class='ocrx_word' id='word_1_24' title='bbox 1587 400 1793 465; x_wconf 88' lang='lat' dir='ltr'><strong>intrat</strong></span> <span class='ocrx_word' id='word_1_25' title='bbox 1839 402 2068 484; x_wconf 90' lang='lat' dir='ltr'><strong>metus,</strong></span> <span class='ocrx_word' id='word_1_26' title='bbox 2113 402 2367 466; x_wconf 81' lang='lat' dir='ltr'><strong>venisse</strong></span> <span class='ocrx_word' id='word_1_27' title='bbox 2413 405 2685 485; x_wconf 86' lang='lat' dir='ltr'><strong>patrum</strong></span> 
     </span>
     <span class='ocr_line' id='line_1_5' title="bbox 254 487 2685 579; baseline -0.001 -21"><span class='ocrx_word' id='word_1_28' title='bbox 254 509 286 558; x_wconf 84' lang='lat'><strong>5</strong></span> <span class='ocrx_word' id='word_1_29' title='bbox 324 495 504 559; x_wconf 91' lang='lat' dir='ltr'><strong>iussu</strong></span> <span class='ocrx_word' id='word_1_30' title='bbox 571 493 682 579; x_wconf 88' lang='lat' dir='ltr'><strong>qui</strong></span> <span class='ocrx_word' id='word_1_31' title='bbox 746 491 947 555; x_wconf 88' lang='lat' dir='ltr'><strong>inrita</strong></span> <span class='ocrx_word' id='word_1_32' title='bbox 1007 490 1300 554; x_wconf 86' lang='lat' dir='ltr'><strong>facerent</strong></span> <span class='ocrx_word' id='word_1_33' title='bbox 1360 510 1528 573; x_wconf 91' lang='lat' dir='ltr'><strong>quae</strong></span> <span class='ocrx_word' id='word_1_34' title='bbox 1586 509 1704 573; x_wconf 91' lang='lat' dir='ltr'><strong>per</strong></span> <span class='ocrx_word' id='word_1_35' title='bbox 1762 487 2145 554; x_wconf 74' lang='lat' dir='ltr'><strong>seditionem</strong></span> <span class='ocrx_word' id='word_1_36' title='bbox 2206 494 2685 575; x_wconf 84' lang='lat' dir='ltr'><strong>expresserant.</strong></span> 
     </span>
     <span class='ocr_line' id='line_1_6' title="bbox 328 576 2685 664; baseline -0 -21"><span class='ocrx_word' id='word_1_37' title='bbox 328 595 521 664; x_wconf 70' lang='lat' dir='ltr'><strong>utque</strong></span> <span class='ocrx_word' id='word_1_38' title='bbox 597 603 737 643; x_wconf 72' lang='lat' dir='ltr'><strong>mos</strong></span> <span class='ocrx_word' id='word_1_39' title='bbox 802 579 1000 663; x_wconf 83' lang='lat' dir='ltr'><strong>vulgo</strong></span> <span class='ocrx_word' id='word_1_40' title='bbox 1067 576 1363 661; x_wconf 87' lang='lat' dir='ltr'><strong>quamvis</strong></span> <span class='ocrx_word' id='word_1_41' title='bbox 1436 576 1624 641; x_wconf 88' lang='lat' dir='ltr'><strong>falsis</strong></span> <span class='ocrx_word' id='word_1_42' title='bbox 1687 598 1869 640; x_wconf 89' lang='lat' dir='ltr'><strong>reum</strong></span> <span class='ocrx_word' id='word_1_43' title='bbox 1933 577 2234 661; x_wconf 86' lang='lat' dir='ltr'><strong>subdere,</strong></span> <span class='ocrx_word' id='word_1_44' title='bbox 2304 577 2685 643; x_wconf 85' lang='lat' dir='ltr'><strong>Munatium</strong></span> 
     </span>
     <span class='ocr_line' id='line_1_7' title="bbox 328 665 2686 751; baseline -0.002 -16"><span class='ocrx_word' id='word_1_45' title='bbox 328 671 633 735; x_wconf 68' lang='lat' dir='ltr'><strong>Plancum</strong></span> <span class='ocrx_word' id='word_1_46' title='bbox 701 668 1035 732; x_wconf 70' lang='lat' dir='ltr'><strong>consulatu</strong></span> <span class='ocrx_word' id='word_1_47' title='bbox 1097 667 1417 750; x_wconf 87' lang='lat' dir='ltr'><strong>functum,</strong></span> <span class='ocrx_word' id='word_1_48' title='bbox 1478 665 1841 750; x_wconf 88' lang='lat' dir='ltr'><strong>principem</strong></span> <span class='ocrx_word' id='word_1_49' title='bbox 1902 666 2277 751; x_wconf 84' lang='lat' dir='ltr'><strong>legationis,</strong></span> <span class='ocrx_word' id='word_1_50' title='bbox 2343 671 2686 732; x_wconf 84' lang='lat' dir='ltr'><strong>auctorem</strong></span> 
     </span>
     <span class='ocr_line' id='line_1_8' title="bbox 328 754 2686 839; baseline -0.001 -16"><span class='ocrx_word' id='word_1_51' title='bbox 328 767 589 823; x_wconf 65' lang='lat' dir='ltr'><strong>senatus</strong></span> <span class='ocrx_word' id='word_1_52' title='bbox 641 756 917 823; x_wconf 71' lang='lat' dir='ltr'><strong>consulti</strong></span> <span class='ocrx_word' id='word_1_53' title='bbox 964 757 1293 839; x_wconf 83' lang='lat' dir='ltr'><strong>incusant3</strong></span> <span class='ocrx_word' id='word_1_54' title='bbox 1339 757 1405 818; x_wconf 91' lang='lat' dir='ltr'><strong>et</strong></span> <span class='ocrx_word' id='word_1_55' title='bbox 1440 757 1633 819; x_wconf 90' lang='lat' dir='ltr'><strong>nocte</strong></span> <span class='ocrx_word' id='word_1_56' title='bbox 1670 754 1988 819; x_wconf 80' lang='lat' dir='ltr'><strong>concubia</strong></span> <span class='ocrx_word' id='word_1_57' title='bbox 2027 754 2334 819; x_wconf 85' lang='lat' dir='ltr'><strong>vexillum</strong></span> <span class='ocrx_word' id='word_1_58' title='bbox 2376 756 2442 819; x_wconf 90' lang='lat' dir='ltr'><strong>in</strong></span> <span class='ocrx_word' id='word_1_59' title='bbox 2482 756 2686 821; x_wconf 91' lang='lat' dir='ltr'><strong>domo</strong></span> 
     </span>
     <span class='ocr_line' id='line_1_9' title="bbox 328 843 2684 929; baseline -0.001 -18"><span class='ocrx_word' id='word_1_60' title='bbox 328 847 693 911; x_wconf 71' lang='lat' dir='ltr'><strong>Germanici</strong></span> <span class='ocrx_word' id='word_1_61' title='bbox 757 845 953 909; x_wconf 83' lang='lat' dir='ltr'><strong>situm</strong></span> <span class='ocrx_word' id='word_1_62' title='bbox 1012 843 1313 929; x_wconf 87' lang='lat' dir='ltr'><strong>flagitare</strong></span> <span class='ocrx_word' id='word_1_63' title='bbox 1374 843 1725 926; x_wconf 91' lang='lat' dir='ltr'><strong>occipiunt,</strong></span> <span class='ocrx_word' id='word_1_64' title='bbox 1788 864 2226 926; x_wconf 88' lang='lat' dir='ltr'><strong>concursuque</strong></span> <span class='ocrx_word' id='word_1_65' title='bbox 2281 843 2365 908; x_wconf 91' lang='lat' dir='ltr'><strong>ad</strong></span> <span class='ocrx_word' id='word_1_66' title='bbox 2409 844 2684 909; x_wconf 89' lang='lat' dir='ltr'><strong>ianuam</strong></span> 
     </span>
     <span class='ocr_line' id='line_1_10' title="bbox 220 930 2683 1015; baseline -0.001 -16"><span class='ocrx_word' id='word_1_67' title='bbox 220 955 284 999; x_wconf 58' lang='lat'><strong>¹11]</strong></span> <span class='ocrx_word' id='word_1_68' title='bbox 328 939 501 999; x_wconf 62' lang='lat' dir='ltr'><strong>factm</strong></span> <span class='ocrx_word' id='word_1_69' title='bbox 577 935 933 999; x_wconf 74' lang='lat' dir='ltr'><strong>moliuntur</strong></span> <span class='ocrx_word' id='word_1_70' title='bbox 1004 933 1210 1015; x_wconf 87' lang='lat' dir='ltr'><strong>fores,</strong></span> <span class='ocrx_word' id='word_1_71' title='bbox 1283 934 1646 996; x_wconf 84' lang='lat' dir='ltr'><strong>extractum</strong></span> <span class='ocrx_word' id='word_1_72' title='bbox 1721 931 1923 996; x_wconf 92' lang='lat' dir='ltr'><strong>cubili</strong></span> <span class='ocrx_word' id='word_1_73' title='bbox 1998 930 2340 997; x_wconf 88' lang='lat' dir='ltr'><strong>Caesarem</strong></span> <span class='ocrx_word' id='word_1_74' title='bbox 2414 933 2683 998; x_wconf 88' lang='lat' dir='ltr'><strong>tradere</strong></span> 
     </span>
     <span class='ocr_line' id='line_1_11' title="bbox 328 1020 2687 1105; baseline -0 -18"><span class='ocrx_word' id='word_1_75' title='bbox 328 1027 633 1087; x_wconf 48' lang='lat' dir='ltr'><strong>‘vexillum</strong></span> <span class='ocrx_word' id='word_1_76' title='bbox 693 1023 940 1087; x_wconf 84' lang='lat' dir='ltr'><strong>intento</strong></span> <span class='ocrx_word' id='word_1_77' title='bbox 999 1022 1231 1086; x_wconf 86' lang='lat' dir='ltr'><strong>mortis</strong></span> <span class='ocrx_word' id='word_1_78' title='bbox 1286 1024 1465 1085; x_wconf 89' lang='lat' dir='ltr'><strong>metu</strong></span> <span class='ocrx_word' id='word_1_79' title='bbox 1524 1020 1855 1104; x_wconf 86' lang='lat' dir='ltr'><strong>subigunt.</strong></span> <span class='ocrx_word' id='word_1_80' title='bbox 1945 1040 2099 1085; x_wconf 86' lang='lat' dir='ltr'><strong>mox</strong></span> <span class='ocrx_word' id='word_1_81' title='bbox 2152 1021 2337 1105; x_wconf 82' lang='lat' dir='ltr'><strong>vagi&#39;</strong></span> <span class='ocrx_word' id='word_1_82' title='bbox 2359 1042 2478 1104; x_wconf 90' lang='lat' dir='ltr'><strong>per</strong></span> <span class='ocrx_word' id='word_1_83' title='bbox 2539 1022 2687 1086; x_wconf 84' lang='lat' dir='ltr'><strong>vias</strong></span> 
     </span>
     <span class='ocr_line' id='line_1_12' title="bbox 328 1108 2685 1195; baseline 0 -20"><span class='ocrx_word' id='word_1_84' title='bbox 328 1115 553 1179; x_wconf 67' lang='lat' dir='ltr'><strong>obvios</strong></span> <span class='ocrx_word' id='word_1_85' title='bbox 605 1115 885 1176; x_wconf 74' lang='lat' dir='ltr'><strong>habuere</strong></span> <span class='ocrx_word' id='word_1_86' title='bbox 930 1111 1204 1195; x_wconf 89' lang='lat' dir='ltr'><strong>legatos,</strong></span> <span class='ocrx_word' id='word_1_87' title='bbox 1251 1108 1476 1174; x_wconf 89' lang='lat' dir='ltr'><strong>audita</strong></span> <span class='ocrx_word' id='word_1_88' title='bbox 1520 1108 2045 1174; x_wconf 84' lang='lat' dir='ltr'><strong>consternatione</strong></span> <span class='ocrx_word' id='word_1_89' title='bbox 2093 1108 2176 1173; x_wconf 91' lang='lat' dir='ltr'><strong>ad</strong></span> <span class='ocrx_word' id='word_1_90' title='bbox 2223 1108 2685 1175; x_wconf 82' lang='lat' dir='ltr'><strong>Germanicum</strong></span> 
     </span>
     <span class='ocr_line' id='line_1_13' title="bbox 324 1197 2685 1285; baseline -0.002 -18"><span class='ocrx_word' id='word_1_91' title='bbox 324 1203 677 1267; x_wconf 62' lang='lat' dir='ltr'><strong>temlffutss.</strong></span> <span class='ocrx_word' id='word_1_92' title='bbox 729 1201 1035 1285; x_wconf 89' lang='lat' dir='ltr'><strong>ingerunt</strong></span> <span class='ocrx_word' id='word_1_93' title='bbox 1061 1197 1507 1276; x_wconf 88' lang='lat' dir='ltr'><strong>contumelias,</strong></span> <span class='ocrx_word' id='word_1_94' title='bbox 1535 1197 1800 1263; x_wconf 90' lang='lat' dir='ltr'><strong>caedem</strong></span> <span class='ocrx_word' id='word_1_95' title='bbox 1827 1201 2078 1282; x_wconf 90' lang='lat' dir='ltr'><strong>parant,</strong></span> <span class='ocrx_word' id='word_1_96' title='bbox 2108 1198 2351 1263; x_wconf 91' lang='lat' dir='ltr'><strong>Planco</strong></span> <span class='ocrx_word' id='word_1_97' title='bbox 2381 1199 2685 1282; x_wconf 83' lang='lat' dir='ltr'><strong>maxime,</strong></span> 
     </span>
     <span class='ocr_line' id='line_1_14' title="bbox 328 1285 2687 1373; baseline 0 -22"><span class='ocrx_word' id='word_1_98' title='bbox 328 1315 517 1371; x_wconf 71' lang='lat' dir='ltr'><strong>quem</strong></span> <span class='ocrx_word' id='word_1_99' title='bbox 565 1291 850 1371; x_wconf 66' lang='lat' dir='ltr'><strong>dignitas</strong></span> <span class='ocrx_word' id='word_1_100' title='bbox 895 1287 1056 1373; x_wconf 89' lang='lat' dir='ltr'><strong>fuga</strong></span> <span class='ocrx_word' id='word_1_101' title='bbox 1099 1285 1556 1372; x_wconf 83' lang='lat' dir='ltr'><strong>impediverat3</strong></span> <span class='ocrx_word' id='word_1_102' title='bbox 1598 1307 1809 1369; x_wconf 86' lang='lat' dir='ltr'><strong>neque</strong></span> <span class='ocrx_word' id='word_1_103' title='bbox 1856 1285 2031 1351; x_wconf 92' lang='lat' dir='ltr'><strong>aliud</strong></span> <span class='ocrx_word' id='word_1_104' title='bbox 2076 1286 2477 1372; x_wconf 88' lang='lat' dir='ltr'><strong>periclitanti</strong></span> <span class='ocrx_word' id='word_1_105' title='bbox 2526 1288 2687 1352; x_wconf 90' lang='lat' dir='ltr'><strong>sub-</strong></span> 
     </span>
     <span class='ocr_line' id='line_1_15' title="bbox 224 1374 2682 1460; baseline -0.001 -17"><span class='ocrx_word' id='word_1_106' title='bbox 224 1399 284 1443; x_wconf 68' lang='lat'><strong>15</strong></span> <span class='ocrx_word' id='word_1_107' title='bbox 328 1379 561 1443; x_wconf 75' lang='lat' dir='ltr'><strong>sidium</strong></span> <span class='ocrx_word' id='word_1_108' title='bbox 621 1398 812 1459; x_wconf 65' lang='lat' dir='ltr'><strong>quam</strong></span> <span class='ocrx_word' id='word_1_109' title='bbox 867 1379 1083 1442; x_wconf 89' lang='lat' dir='ltr'><strong>castra</strong></span> <span class='ocrx_word' id='word_1_110' title='bbox 1136 1376 1388 1460; x_wconf 87' lang='lat' dir='ltr'><strong>primae</strong></span> <span class='ocrx_word' id='word_1_111' title='bbox 1448 1374 1746 1459; x_wconf 81' lang='lat' dir='ltr'><strong>legionis.</strong></span> <span class='ocrx_word' id='word_1_112' title='bbox 1836 1374 1970 1440; x_wconf 92' lang='lat' dir='ltr'><strong>illic</strong></span> <span class='ocrx_word' id='word_1_113' title='bbox 2026 1375 2212 1460; x_wconf 86' lang='lat' dir='ltr'><strong>signa</strong></span> <span class='ocrx_word' id='word_1_114' title='bbox 2266 1379 2332 1441; x_wconf 90' lang='lat' dir='ltr'><strong>et</strong></span> <span class='ocrx_word' id='word_1_115' title='bbox 2388 1376 2682 1460; x_wconf 89' lang='lat' dir='ltr'><strong>aquilam</strong></span> 
     </span>
     <span class='ocr_line' id='line_1_16' title="bbox 328 1462 2682 1551; baseline -0.001 -20"><span class='ocrx_word' id='word_1_116' title='bbox 328 1467 661 1551; x_wconf 60' lang='lat' dir='ltr'><strong>amplexus.</strong></span> <span class='ocrx_word' id='word_1_117' title='bbox 717 1465 1031 1549; x_wconf 81' lang='lat' dir='ltr'><strong>religione</strong></span> <span class='ocrx_word' id='word_1_118' title='bbox 1087 1486 1228 1529; x_wconf 92' lang='lat' dir='ltr'><strong>sese</strong></span> <span class='ocrx_word' id='word_1_119' title='bbox 1273 1463 1640 1547; x_wconf 90' lang='lat' dir='ltr'><strong>tutabatur,</strong></span> <span class='ocrx_word' id='word_1_120' title='bbox 1697 1484 1771 1528; x_wconf 87' lang='lat' dir='ltr'><strong>ac</strong></span> <span class='ocrx_word' id='word_1_121' title='bbox 1817 1463 1885 1527; x_wconf 90' lang='lat' dir='ltr'><strong>ni</strong></span> <span class='ocrx_word' id='word_1_122' title='bbox 1933 1463 2232 1547; x_wconf 88' lang='lat' dir='ltr'><strong>aquilifer</strong></span> <span class='ocrx_word' id='word_1_123' title='bbox 2278 1462 2682 1549; x_wconf 82' lang='lat' dir='ltr'><strong>Calpurnius</strong></span> 
     </span>
     <span class='ocr_line' id='line_1_17' title="bbox 328 1551 2681 1639; baseline 0.001 -24"><span class='ocrx_word' id='word_1_124' title='bbox 328 1559 453 1619; x_wconf 64' lang='lat' dir='ltr'><strong>vini</strong></span> <span class='ocrx_word' id='word_1_125' title='bbox 517 1563 865 1619; x_wconf 62' lang='lat' dir='ltr'><strong>exist-mam</strong></span> <span class='ocrx_word' id='word_1_126' title='bbox 925 1554 1263 1637; x_wconf 87' lang='lat' dir='ltr'><strong>arcuisset,</strong></span> <span class='ocrx_word' id='word_1_127' title='bbox 1320 1573 1544 1616; x_wconf 90' lang='lat' dir='ltr'><strong>rarum</strong></span> <span class='ocrx_word' id='word_1_128' title='bbox 1601 1551 1797 1617; x_wconf 91' lang='lat' dir='ltr'><strong>etiam</strong></span> <span class='ocrx_word' id='word_1_129' title='bbox 1855 1551 2026 1616; x_wconf 89' lang='lat' dir='ltr'><strong>inter</strong></span> <span class='ocrx_word' id='word_1_130' title='bbox 2085 1552 2332 1636; x_wconf 87' lang='lat' dir='ltr'><strong>hostes,</strong></span> <span class='ocrx_word' id='word_1_131' title='bbox 2413 1553 2681 1639; x_wconf 89' lang='lat' dir='ltr'><strong>legatus</strong></span> 
     </span>
     <span class='ocr_line' id='line_1_18' title="bbox 326 1640 2684 1727; baseline -0 -20"><span class='ocrx_word' id='word_1_132' title='bbox 326 1647 549 1727; x_wconf 69' lang='lat' dir='ltr'><strong>populi</strong></span> <span class='ocrx_word' id='word_1_133' title='bbox 587 1642 864 1707; x_wconf 71' lang='lat' dir='ltr'><strong>Romani</strong></span> <span class='ocrx_word' id='word_1_134' title='bbox 910 1640 1223 1707; x_wconf 88' lang='lat' dir='ltr'><strong>Romanis</strong></span> <span class='ocrx_word' id='word_1_135' title='bbox 1269 1642 1339 1706; x_wconf 89' lang='lat' dir='ltr'><strong>in</strong></span> <span class='ocrx_word' id='word_1_136' title='bbox 1383 1640 1615 1707; x_wconf 87' lang='lat' dir='ltr'><strong>castris</strong></span> <span class='ocrx_word' id='word_1_137' title='bbox 1664 1640 1981 1726; x_wconf 89' lang='lat' dir='ltr'><strong>sanguine</strong></span> <span class='ocrx_word' id='word_1_138' title='bbox 2029 1662 2146 1705; x_wconf 90' lang='lat' dir='ltr'><strong>suo</strong></span> <span class='ocrx_word' id='word_1_139' title='bbox 2194 1642 2441 1706; x_wconf 90' lang='lat' dir='ltr'><strong>altaria</strong></span> <span class='ocrx_word' id='word_1_140' title='bbox 2487 1642 2684 1707; x_wconf 90' lang='lat' dir='ltr'><strong>deum</strong></span> 
     </span>
     <span class='ocr_line' id='line_1_19' title="bbox 324 1728 2675 1814; baseline 0 -19"><span class='ocrx_word' id='word_1_141' title='bbox 324 1731 943 1795; x_wconf 60' lang='lat' dir='ltr'><strong>flommffluavisset.</strong></span> <span class='ocrx_word' id='word_1_142' title='bbox 1015 1731 1159 1796; x_wconf 91' lang='lat' dir='ltr'><strong>luce</strong></span> <span class='ocrx_word' id='word_1_143' title='bbox 1196 1730 1475 1813; x_wconf 89' lang='lat' dir='ltr'><strong>demum,</strong></span> <span class='ocrx_word' id='word_1_144' title='bbox 1511 1732 1857 1814; x_wconf 85' lang='lat' dir='ltr'><strong>postquam</strong></span> <span class='ocrx_word' id='word_1_145' title='bbox 1896 1728 2026 1793; x_wconf 86' lang='lat' dir='ltr'><strong>dux</strong></span> <span class='ocrx_word' id='word_1_146' title='bbox 2062 1733 2128 1794; x_wconf 92' lang='lat' dir='ltr'><strong>et</strong></span> <span class='ocrx_word' id='word_1_147' title='bbox 2163 1730 2351 1795; x_wconf 89' lang='lat' dir='ltr'><strong>miles</strong></span> <span class='ocrx_word' id='word_1_148' title='bbox 2390 1735 2459 1796; x_wconf 89' lang='lat' dir='ltr'><strong>et</strong></span> <span class='ocrx_word' id='word_1_149' title='bbox 2493 1729 2675 1795; x_wconf 88' lang='lat' dir='ltr'><strong>facta</strong></span> 
     </span>
     <span class='ocr_line' id='line_1_20' title="bbox 220 1816 2677 1905; baseline 0 -22"><span class='ocrx_word' id='word_1_150' title='bbox 220 1843 284 1887; x_wconf 59' lang='grc' dir='ltr'><strong>ευ</strong></span> <span class='ocrx_word' id='word_1_151' title='bbox 328 1823 775 1903; x_wconf 64' lang='lat' dir='ltr'><strong>noscebantnff,</strong></span> <span class='ocrx_word' id='word_1_152' title='bbox 820 1820 1152 1905; x_wconf 86' lang='lat' dir='ltr'><strong>ingressus</strong></span> <span class='ocrx_word' id='word_1_153' title='bbox 1199 1820 1414 1884; x_wconf 85' lang='lat' dir='ltr'><strong>castra</strong></span> <span class='ocrx_word' id='word_1_154' title='bbox 1452 1816 1875 1883; x_wconf 86' lang='lat' dir='ltr'><strong>Germanicus</strong></span> <span class='ocrx_word' id='word_1_155' title='bbox 1920 1816 2187 1902; x_wconf 90' lang='lat' dir='ltr'><strong>perduci</strong></span> <span class='ocrx_word' id='word_1_156' title='bbox 2233 1817 2314 1882; x_wconf 90' lang='lat' dir='ltr'><strong>ad</strong></span> <span class='ocrx_word' id='word_1_157' title='bbox 2362 1840 2431 1883; x_wconf 89' lang='lat' dir='ltr'><strong>se</strong></span> <span class='ocrx_word' id='word_1_158' title='bbox 2479 1818 2677 1884; x_wconf 88' lang='lat' dir='ltr'><strong>Plan-</strong></span> 
     </span>
     <span class='ocr_line' id='line_1_21' title="bbox 324 1905 2681 1993; baseline 0.001 -22"><span class='ocrx_word' id='word_1_159' title='bbox 324 1931 469 1971; x_wconf 71' lang='lat' dir='ltr'><strong>cum</strong></span> <span class='ocrx_word' id='word_1_160' title='bbox 529 1911 802 1991; x_wconf 71' lang='lat' dir='ltr'><strong>imperat</strong></span> <span class='ocrx_word' id='word_1_161' title='bbox 853 1908 1223 1993; x_wconf 91' lang='lat' dir='ltr'><strong>recepitque</strong></span> <span class='ocrx_word' id='word_1_162' title='bbox 1278 1907 1348 1972; x_wconf 92' lang='lat' dir='ltr'><strong>in</strong></span> <span class='ocrx_word' id='word_1_163' title='bbox 1401 1907 1710 1971; x_wconf 88' lang='lat' dir='ltr'><strong>tribunal.</strong></span> <span class='ocrx_word' id='word_1_164' title='bbox 1802 1910 1945 1971; x_wconf 93' lang='lat' dir='ltr'><strong>tum</strong></span> <span class='ocrx_word' id='word_1_165' title='bbox 2002 1905 2269 1972; x_wconf 75' lang='lat' dir='ltr'><strong>fatalem</strong></span> <span class='ocrx_word' id='word_1_166' title='bbox 2330 1908 2681 1993; x_wconf 88' lang='lat' dir='ltr'><strong>increpans</strong></span> 
     </span>
     <span class='ocr_line' id='line_1_22' title="bbox 324 1994 2682 2080; baseline 0.001 -21"><span class='ocrx_word' id='word_1_167' title='bbox 324 1999 597 2079; x_wconf 63' lang='lat' dir='ltr'><strong>rabiem,</strong></span> <span class='ocrx_word' id='word_1_168' title='bbox 655 2018 856 2080; x_wconf 76' lang='lat' dir='ltr'><strong>neque</strong></span> <span class='ocrx_word' id='word_1_169' title='bbox 916 1996 1197 2060; x_wconf 91' lang='lat' dir='ltr'><strong>militum</strong></span> <span class='ocrx_word' id='word_1_170' title='bbox 1255 1994 1366 2060; x_wconf 89' lang='lat' dir='ltr'><strong>sed</strong></span> <span class='ocrx_word' id='word_1_171' title='bbox 1422 1996 1615 2060; x_wconf 89' lang='lat' dir='ltr'><strong>deum</strong></span> <span class='ocrx_word' id='word_1_172' title='bbox 1659 1995 1759 2059; x_wconf 89' lang='lat' dir='ltr'><strong>ira</strong></span> <span class='ocrx_word' id='word_1_173' title='bbox 1802 2015 2166 2080; x_wconf 85' lang='lat' dir='ltr'><strong>resurgere,</strong></span> <span class='ocrx_word' id='word_1_174' title='bbox 2222 2018 2335 2061; x_wconf 91' lang='lat' dir='ltr'><strong>cur</strong></span> <span class='ocrx_word' id='word_1_175' title='bbox 2381 1998 2682 2061; x_wconf 87' lang='lat' dir='ltr'><strong>venerint</strong></span> 
     </span>
     <span class='ocr_line' id='line_1_23' title="bbox 328 2082 2679 2171; baseline 0.001 -24"><span class='ocrx_word' id='word_1_176' title='bbox 328 2087 525 2171; x_wconf 68' lang='lat' dir='ltr'><strong>legati</strong></span> <span class='ocrx_word' id='word_1_177' title='bbox 577 2087 809 2168; x_wconf 72' lang='lat' dir='ltr'><strong>aperit3</strong></span> <span class='ocrx_word' id='word_1_178' title='bbox 858 2084 959 2149; x_wconf 91' lang='lat' dir='ltr'><strong>ius</strong></span> <span class='ocrx_word' id='word_1_179' title='bbox 1007 2083 1355 2169; x_wconf 86' lang='lat' dir='ltr'><strong>legationis</strong></span> <span class='ocrx_word' id='word_1_180' title='bbox 1404 2087 1600 2169; x_wconf 90' lang='lat' dir='ltr'><strong>atque</strong></span> <span class='ocrx_word' id='word_1_181' title='bbox 1646 2083 1850 2168; x_wconf 89' lang='lat' dir='ltr'><strong>ipsius</strong></span> <span class='ocrx_word' id='word_1_182' title='bbox 1887 2082 2112 2150; x_wconf 86' lang='lat' dir='ltr'><strong>Planci</strong></span> <span class='ocrx_word' id='word_1_183' title='bbox 2156 2104 2420 2169; x_wconf 87' lang='lat' dir='ltr'><strong>gravem</strong></span> <span class='ocrx_word' id='word_1_184' title='bbox 2470 2089 2538 2150; x_wconf 87' lang='lat' dir='ltr'><strong>et</strong></span> <span class='ocrx_word' id='word_1_185' title='bbox 2585 2086 2679 2150; x_wconf 92' lang='lat' dir='ltr'><strong>in-</strong></span> 
     </span>
     <span class='ocr_line' id='line_1_24' title="bbox 328 2171 2677 2259; baseline -0 -20"><span class='ocrx_word' id='word_1_186' title='bbox 328 2175 625 2239; x_wconf 69' lang='lat' dir='ltr'><strong>nisi-imm</strong></span> <span class='ocrx_word' id='word_1_187' title='bbox 669 2195 904 2252; x_wconf 67' lang='lat' dir='ltr'><strong>casum,</strong></span> <span class='ocrx_word' id='word_1_188' title='bbox 944 2173 1150 2242; x_wconf 80' lang='lat' dir='ltr'><strong>simul.</strong></span> <span class='ocrx_word' id='word_1_189' title='bbox 1172 2176 1488 2258; x_wconf 90' lang='lat' dir='ltr'><strong>quantum</strong></span> <span class='ocrx_word' id='word_1_190' title='bbox 1524 2171 1851 2238; x_wconf 89' lang='lat' dir='ltr'><strong>dedecoris</strong></span> <span class='ocrx_word' id='word_1_191' title='bbox 1890 2172 2125 2238; x_wconf 89' lang='lat' dir='ltr'><strong>adierit</strong></span> <span class='ocrx_word' id='word_1_192' title='bbox 2157 2174 2352 2259; x_wconf 88' lang='lat' dir='ltr'><strong>legio,</strong></span> <span class='ocrx_word' id='word_1_193' title='bbox 2397 2174 2677 2239; x_wconf 87' lang='lat' dir='ltr'><strong>facunde</strong></span> 
     </span>
     <span class='ocr_line' id='line_1_25' title="bbox 224 2261 2676 2348; baseline 0 -21"><span class='ocrx_word' id='word_1_194' title='bbox 224 2283 288 2327; x_wconf 64' lang='lat'><strong>25</strong></span> <span class='ocrx_word' id='word_1_195' title='bbox 328 2263 701 2343; x_wconf 70' lang='lat' dir='ltr'><strong>miseratur,</strong></span> <span class='ocrx_word' id='word_1_196' title='bbox 769 2262 1174 2347; x_wconf 75' lang='lat' dir='ltr'><strong>attonitaque</strong></span> <span class='ocrx_word' id='word_1_197' title='bbox 1233 2261 1446 2348; x_wconf 90' lang='lat' dir='ltr'><strong>magis</strong></span> <span class='ocrx_word' id='word_1_198' title='bbox 1512 2284 1709 2347; x_wconf 90' lang='lat' dir='ltr'><strong>quam</strong></span> <span class='ocrx_word' id='word_1_199' title='bbox 1773 2261 1991 2347; x_wconf 87' lang='lat' dir='ltr'><strong>quieta</strong></span> <span class='ocrx_word' id='word_1_200' title='bbox 2054 2263 2352 2329; x_wconf 89' lang='lat' dir='ltr'><strong>contione</strong></span> <span class='ocrx_word' id='word_1_201' title='bbox 2417 2263 2676 2348; x_wconf 87' lang='lat' dir='ltr'><strong>legatos</strong></span> 
     </span>
     <span class='ocr_line' id='line_1_26' title="bbox 328 2350 1789 2436; baseline 0.001 -21"><span class='ocrx_word' id='word_1_202' title='bbox 328 2351 653 2435; x_wconf 62' lang='lat' dir='ltr'><strong>praesidio</strong></span> <span class='ocrx_word' id='word_1_203' title='bbox 705 2350 1114 2416; x_wconf 80' lang='lat' dir='ltr'><strong>auxiliarium</strong></span> <span class='ocrx_word' id='word_1_204' title='bbox 1160 2352 1454 2436; x_wconf 87' lang='lat' dir='ltr'><strong>equitum</strong></span> <span class='ocrx_word' id='word_1_205' title='bbox 1501 2350 1789 2416; x_wconf 83' lang='lat' dir='ltr'><strong>dimittit.</strong></span> 
     </span>
     <span class='ocr_line' id='line_1_27' title="bbox 220 2438 2680 2525; baseline -0.001 -18"><span class='ocrx_word' id='word_1_206' title='bbox 220 2443 304 2507; x_wconf 51' lang='grc' dir='ltr'><strong>εἰῇ]</strong></span> <span class='ocrx_word' id='word_1_207' title='bbox 509 2439 605 2503; x_wconf 67' lang='lat' dir='ltr'><strong>Eo</strong></span> <span class='ocrx_word' id='word_1_208' title='bbox 670 2443 737 2503; x_wconf 83' lang='lat' dir='ltr'><strong>in</strong></span> <span class='ocrx_word' id='word_1_209' title='bbox 794 2441 971 2504; x_wconf 88' lang='lat' dir='ltr'><strong>metu</strong></span> <span class='ocrx_word' id='word_1_210' title='bbox 1028 2459 1296 2525; x_wconf 87' lang='lat' dir='ltr'><strong>arguere</strong></span> <span class='ocrx_word' id='word_1_211' title='bbox 1351 2438 1809 2505; x_wconf 87' lang='lat' dir='ltr'><strong>Germanicum</strong></span> <span class='ocrx_word' id='word_1_212' title='bbox 1865 2460 2115 2523; x_wconf 92' lang='lat' dir='ltr'><strong>omnes,</strong></span> <span class='ocrx_word' id='word_1_213' title='bbox 2177 2438 2348 2525; x_wconf 91' lang='lat' dir='ltr'><strong>quod</strong></span> <span class='ocrx_word' id='word_1_214' title='bbox 2403 2461 2536 2504; x_wconf 90' lang='lat' dir='ltr'><strong>non</strong></span> <span class='ocrx_word' id='word_1_215' title='bbox 2596 2440 2680 2505; x_wconf 86' lang='lat' dir='ltr'><strong>ad</strong></span> 
     </span>
     <span class='ocr_line' id='line_1_28' title="bbox 332 2527 2678 2613; baseline 0.001 -21"><span class='ocrx_word' id='word_1_216' title='bbox 332 2531 729 2612; x_wconf 67' lang='lat' dir='ltr'><strong>superiorem</strong></span> <span class='ocrx_word' id='word_1_217' title='bbox 765 2528 1115 2594; x_wconf 86' lang='lat' dir='ltr'><strong>exercitum</strong></span> <span class='ocrx_word' id='word_1_218' title='bbox 1150 2531 1472 2613; x_wconf 84' lang='lat' dir='ltr'><strong>pergeret,</strong></span> <span class='ocrx_word' id='word_1_219' title='bbox 1516 2528 1631 2593; x_wconf 93' lang='lat' dir='ltr'><strong>ubi</strong></span> <span class='ocrx_word' id='word_1_220' title='bbox 1677 2527 1987 2612; x_wconf 90' lang='lat' dir='ltr'><strong>obsequia</strong></span> <span class='ocrx_word' id='word_1_221' title='bbox 2033 2531 2098 2592; x_wconf 90' lang='lat' dir='ltr'><strong>et</strong></span> <span class='ocrx_word' id='word_1_222' title='bbox 2142 2531 2364 2594; x_wconf 88' lang='lat' dir='ltr'><strong>contra</strong></span> <span class='ocrx_word' id='word_1_223' title='bbox 2409 2529 2678 2594; x_wconf 89' lang='lat' dir='ltr'><strong>rebellis</strong></span> 
     </span>
     <span class='ocr_line' id='line_1_29' title="bbox 328 2616 2679 2702; baseline 0.001 -22"><span class='ocrx_word' id='word_1_224' title='bbox 328 2620 661 2680; x_wconf 64' lang='lat' dir='ltr'><strong>auxilium:</strong></span> <span class='ocrx_word' id='word_1_225' title='bbox 713 2617 871 2682; x_wconf 76' lang='lat' dir='ltr'><strong>satis</strong></span> <span class='ocrx_word' id='word_1_226' title='bbox 919 2637 1237 2702; x_wconf 88' lang='lat' dir='ltr'><strong>superque</strong></span> <span class='ocrx_word' id='word_1_227' title='bbox 1282 2617 1592 2682; x_wconf 89' lang='lat' dir='ltr'><strong>missione</strong></span> <span class='ocrx_word' id='word_1_228' title='bbox 1640 2619 1705 2681; x_wconf 89' lang='lat' dir='ltr'><strong>et</strong></span> <span class='ocrx_word' id='word_1_229' title='bbox 1747 2616 2021 2700; x_wconf 88' lang='lat' dir='ltr'><strong>pecunia</strong></span> <span class='ocrx_word' id='word_1_230' title='bbox 2065 2619 2132 2681; x_wconf 85' lang='lat' dir='ltr'><strong>et</strong></span> <span class='ocrx_word' id='word_1_231' title='bbox 2176 2616 2485 2683; x_wconf 89' lang='lat' dir='ltr'><strong>mollibus</strong></span> <span class='ocrx_word' id='word_1_232' title='bbox 2523 2638 2679 2683; x_wconf 89' lang='lat' dir='ltr'><strong>con-</strong></span> 
     </span>
     <span class='ocr_line' id='line_1_30' title="bbox 328 2705 2677 2791; baseline 0.002 -23"><span class='ocrx_word' id='word_1_233' title='bbox 328 2708 513 2768; x_wconf 68' lang='lat' dir='ltr'><strong>sultis</strong></span> <span class='ocrx_word' id='word_1_234' title='bbox 565 2710 918 2788; x_wconf 61' lang='lat' dir='ltr'><strong>paccatum.</strong></span> <span class='ocrx_word' id='word_1_235' title='bbox 1007 2706 1110 2770; x_wconf 82' lang='lat' dir='ltr'><strong>vel</strong></span> <span class='ocrx_word' id='word_1_236' title='bbox 1158 2705 1214 2769; x_wconf 89' lang='lat' dir='ltr'><strong>si</strong></span> <span class='ocrx_word' id='word_1_237' title='bbox 1259 2705 1410 2771; x_wconf 83' lang='lat' dir='ltr'><strong>vilis</strong></span> <span class='ocrx_word' id='word_1_238' title='bbox 1456 2705 1585 2790; x_wconf 91' lang='lat' dir='ltr'><strong>ipsi</strong></span> <span class='ocrx_word' id='word_1_239' title='bbox 1630 2705 1835 2788; x_wconf 89' lang='lat' dir='ltr'><strong>salus,</strong></span> <span class='ocrx_word' id='word_1_240' title='bbox 1890 2727 2003 2771; x_wconf 91' lang='lat' dir='ltr'><strong>cur</strong></span> <span class='ocrx_word' id='word_1_241' title='bbox 2049 2705 2256 2770; x_wconf 92' lang='lat' dir='ltr'><strong>filium</strong></span> <span class='ocrx_word' id='word_1_242' title='bbox 2308 2706 2677 2791; x_wconf 82' lang='lat' dir='ltr'><strong>parvulum,</strong></span> 
     </span>
    </p>
   </div>
   <div class='ocr_carea' id='block_1_3' title="bbox 328 2931 2685 3132">
    <p class='ocr_par' dir='ltr' id='par_1_3' title="bbox 328 2931 2685 3132">
     <span class='ocr_line' id='line_1_31' title="bbox 401 2931 2683 2989; baseline 0.001 -5"><span class='ocrx_word' id='word_1_243' title='bbox 401 2940 445 2988; x_wconf 70' lang='grc' dir='ltr'><strong>ἵ.</strong></span> <span class='ocrx_word' id='word_1_244' title='bbox 497 2936 753 2988; x_wconf 60' lang='lat' dir='ltr'><strong>Plancus.</strong></span> <span class='ocrx_word' id='word_1_245' title='bbox 821 2934 953 2989; x_wconf 88' lang='lat' dir='ltr'><strong>Sein</strong></span> <span class='ocrx_word' id='word_1_246' title='bbox 999 2932 1169 2987; x_wconf 74' lang='lat' dir='ltr'><strong>Vater</strong></span> <span class='ocrx_word' id='word_1_247' title='bbox 1204 2949 1322 2986; x_wconf 83' lang='lat' dir='ltr'><strong>war</strong></span> <span class='ocrx_word' id='word_1_248' title='bbox 1358 2933 1451 2988; x_wconf 88' lang='lat' dir='ltr'><strong>ein</strong></span> <span class='ocrx_word' id='word_1_249' title='bbox 1558 2931 1953 2988; x_wconf 79' lang='lat' dir='ltr'><strong>siantivierten</strong></span> <span class='ocrx_word' id='word_1_250' title='bbox 1996 2950 2191 2988; x_wconf 81' lang='lat' dir='ltr'><strong>rarum</strong></span> <span class='ocrx_word' id='word_1_251' title='bbox 2234 2950 2339 2986; x_wconf 90' lang='lat' dir='ltr'><strong>nur</strong></span> <span class='ocrx_word' id='word_1_252' title='bbox 2385 2932 2509 2987; x_wconf 86' lang='lat' dir='ltr'><strong>hier</strong></span> <span class='ocrx_word' id='word_1_253' title='bbox 2558 2933 2683 2987; x_wconf 87' lang='lat' dir='ltr'><strong>und</strong></span> 
     </span>
     <span class='ocr_line' id='line_1_32' title="bbox 328 3003 2685 3074; baseline 0.001 -18"><span class='ocrx_word' id='word_1_254' title='bbox 328 3004 613 3072; x_wconf 65' lang='lat' dir='ltr'><strong>tfichtigsr</strong></span> <span class='ocrx_word' id='word_1_255' title='bbox 653 3004 891 3060; x_wconf 71' lang='lat' dir='ltr'><strong>Hsdner.</strong></span> <span class='ocrx_word' id='word_1_256' title='bbox 1558 3020 1643 3073; x_wconf 91' lang='lat' dir='ltr'><strong>cp.</strong></span> <span class='ocrx_word' id='word_1_257' title='bbox 1682 3009 1769 3059; x_wconf 85' lang='grc'><strong>56.</strong></span> <span class='ocrx_word' id='word_1_258' title='bbox 1810 3010 1861 3071; x_wconf 84' lang='grc'><strong>6,</strong></span> <span class='ocrx_word' id='word_1_259' title='bbox 1902 3010 1985 3059; x_wconf 85' lang='grc'><strong>10.</strong></span> <span class='ocrx_word' id='word_1_260' title='bbox 2035 3010 2120 3074; x_wconf 85' lang='grc'><strong>13,</strong></span> <span class='ocrx_word' id='word_1_261' title='bbox 2157 3007 2216 3072; x_wconf 83' lang='grc'><strong>2,</strong></span> <span class='ocrx_word' id='word_1_262' title='bbox 2264 3003 2427 3059; x_wconf 89' lang='lat' dir='ltr'><strong>nicht</strong></span> <span class='ocrx_word' id='word_1_263' title='bbox 2472 3003 2531 3058; x_wconf 92' lang='lat' dir='ltr'><strong>in</strong></span> <span class='ocrx_word' id='word_1_264' title='bbox 2569 3004 2685 3058; x_wconf 83' lang='lat' dir='ltr'><strong>den</strong></span> 
     </span>
     <span class='ocr_line' id='line_1_33' title="bbox 396 3073 2684 3132; baseline 0.001 -4"><span class='ocrx_word' id='word_1_265' title='bbox 396 3083 449 3132; x_wconf 61' lang='grc' dir='ltr'><strong>Β.</strong></span> <span class='ocrx_word' id='word_1_266' title='bbox 517 3080 769 3128; x_wconf 53' lang='lat' dir='ltr'><strong>*winili-um</strong></span> <span class='ocrx_word' id='word_1_267' title='bbox 821 3076 900 3130; x_wconf 87' lang='lat' dir='ltr'><strong>ist</strong></span> <span class='ocrx_word' id='word_1_268' title='bbox 955 3073 1047 3129; x_wconf 91' lang='lat' dir='ltr'><strong>die</strong></span> <span class='ocrx_word' id='word_1_269' title='bbox 1100 3074 1294 3129; x_wconf 86' lang='lat' dir='ltr'><strong>Fahne</strong></span> <span class='ocrx_word' id='word_1_270' title='bbox 1349 3075 1448 3129; x_wconf 85' lang='lat' dir='ltr'><strong>des</strong></span> <span class='ocrx_word' id='word_1_271' title='bbox 1556 3073 1818 3128; x_wconf 73' lang='lat' dir='ltr'><strong>fri’iheren</strong></span> <span class='ocrx_word' id='word_1_272' title='bbox 1847 3073 2128 3130; x_wconf 84' lang='lat' dir='ltr'><strong>Schriften</strong></span> <span class='ocrx_word' id='word_1_273' title='bbox 2164 3074 2262 3129; x_wconf 86' lang='lat' dir='ltr'><strong>des</strong></span> <span class='ocrx_word' id='word_1_274' title='bbox 2292 3074 2522 3128; x_wconf 82' lang='lat' dir='ltr'><strong>Tacitus</strong></span> <span class='ocrx_word' id='word_1_275' title='bbox 2560 3075 2684 3130; x_wconf 89' lang='lat' dir='ltr'><strong>und</strong></span> 
     </span>
    </p>
   </div>
   <div class='ocr_carea' id='block_1_4' title="bbox 2835 1765 2847 2403">
    <p class='ocr_par' dir='ltr' id='par_1_4' title="bbox 2835 1765 2847 2403">
     <span class='ocr_line' id='line_1_34' title="bbox 2835 1765 2847 2403; baseline 0 0"><span class='ocrx_word' id='word_1_276' title='bbox 2835 1765 2847 2403; x_wconf 95' lang='lat' dir='ltr'><strong> </strong></span> 
     </span>
    </p>
   </div>
   <div class='ocr_carea' id='block_1_5' title="bbox 318 3144 1447 4281">
    <p class='ocr_par' dir='ltr' id='par_1_5' title="bbox 328 3144 1447 3287">
     <span class='ocr_line' id='line_1_35' title="bbox 328 3144 1447 3215; baseline -0.001 -15"><span class='ocrx_word' id='word_1_277' title='bbox 328 3148 661 3208; x_wconf 65' lang='lat' dir='ltr'><strong>Fsldherfn„</strong></span> <span class='ocrx_word' id='word_1_278' title='bbox 713 3148 803 3201; x_wconf 75' lang='lat' dir='ltr'><strong>die</strong></span> <span class='ocrx_word' id='word_1_279' title='bbox 841 3147 922 3201; x_wconf 87' lang='lat' dir='ltr'><strong>sie</strong></span> <span class='ocrx_word' id='word_1_280' title='bbox 959 3146 1044 3200; x_wconf 83' lang='lat' dir='ltr'><strong>als</strong></span> <span class='ocrx_word' id='word_1_281' title='bbox 1080 3144 1312 3215; x_wconf 75' lang='lat' dir='ltr'><strong>Symbol</strong></span> <span class='ocrx_word' id='word_1_282' title='bbox 1349 3145 1447 3200; x_wconf 89' lang='lat' dir='ltr'><strong>des</strong></span> 
     </span>
     <span class='ocr_line' id='line_1_36' title="bbox 328 3217 1044 3287; baseline 0.006 -22"><span class='ocrx_word' id='word_1_283' title='bbox 328 3218 689 3272; x_wconf 55' lang='lat' dir='ltr'><strong>{jherhefehls</strong></span> <span class='ocrx_word' id='word_1_284' title='bbox 729 3217 1044 3287; x_wconf 68' lang='lat' dir='ltr'><strong>verlangen.</strong></span> 
     </span>
    </p>

    <p class='ocr_par' dir='ltr' id='par_1_6' title="bbox 324 3304 1444 3574">
     <span class='ocr_line' id='line_1_37' title="bbox 396 3304 1166 3376; baseline -0.003 -16"><span class='ocrx_word' id='word_1_285' title='bbox 396 3312 445 3360; x_wconf 69' lang='lat'><strong>9.</strong></span> <span class='ocrx_word' id='word_1_286' title='bbox 477 3308 613 3360; x_wconf 67' lang='lat' dir='ltr'><strong>situs</strong></span> <span class='ocrx_word' id='word_1_287' title='bbox 645 3308 709 3360; x_wconf 74' lang='lat' dir='ltr'><strong>st.</strong></span> <span class='ocrx_word' id='word_1_288' title='bbox 733 3306 949 3376; x_wconf 68' lang='lat' dir='ltr'><strong>positus</strong></span> <span class='ocrx_word' id='word_1_289' title='bbox 975 3304 1166 3374; x_wconf 67' lang='lat' dir='ltr'><strong>haufig</strong></span> 
     </span>
     <span class='ocr_line' id='line_1_38' title="bbox 324 3375 1444 3445; baseline 0.002 -17"><span class='ocrx_word' id='word_1_290' title='bbox 324 3376 376 3428; x_wconf 56' lang='grc' dir='ltr'><strong>ΞΕ.</strong></span> <span class='ocrx_word' id='word_1_291' title='bbox 421 3396 485 3428; x_wconf 74' lang='lat' dir='ltr'><strong>zu</strong></span> <span class='ocrx_word' id='word_1_292' title='bbox 537 3384 589 3440; x_wconf 64' lang='grc' dir='ltr'><strong>Ε,</strong></span> <span class='ocrx_word' id='word_1_293' title='bbox 637 3384 677 3432; x_wconf 71' lang='grc' dir='ltr'><strong>ἶ.</strong></span> <span class='ocrx_word' id='word_1_294' title='bbox 757 3377 993 3445; x_wconf 73' lang='lat' dir='ltr'><strong>occipere</strong></span> <span class='ocrx_word' id='word_1_295' title='bbox 1043 3375 1138 3431; x_wconf 85' lang='lat' dir='ltr'><strong>bei</strong></span> <span class='ocrx_word' id='word_1_296' title='bbox 1191 3375 1444 3444; x_wconf 87' lang='lat' dir='ltr'><strong>Plautus,</strong></span> 
     </span>
     <span class='ocr_line' id='line_1_39' title="bbox 324 3445 1443 3516; baseline 0 -16"><span class='ocrx_word' id='word_1_297' title='bbox 324 3448 513 3500; x_wconf 61' lang='lat' dir='ltr'><strong>Livius</strong></span> <span class='ocrx_word' id='word_1_298' title='bbox 583 3448 693 3500; x_wconf 77' lang='lat' dir='ltr'><strong>und</strong></span> <span class='ocrx_word' id='word_1_299' title='bbox 761 3445 1056 3516; x_wconf 57' lang='lat' dir='ltr'><strong>Spfflerem</strong></span> <span class='ocrx_word' id='word_1_300' title='bbox 1131 3447 1291 3502; x_wconf 70' lang='lat' dir='ltr'><strong>nicht</strong></span> <span class='ocrx_word' id='word_1_301' title='bbox 1348 3446 1443 3502; x_wconf 84' lang='lat' dir='ltr'><strong>bei</strong></span> 
     </span>
     <span class='ocr_line' id='line_1_40' title="bbox 324 3520 894 3574; baseline 0 -2"><span class='ocrx_word' id='word_1_302' title='bbox 324 3520 517 3572; x_wconf 63' lang='lat' dir='ltr'><strong>Cicero</strong></span> <span class='ocrx_word' id='word_1_303' title='bbox 557 3520 669 3572; x_wconf 72' lang='lat' dir='ltr'><strong>und</strong></span> <span class='ocrx_word' id='word_1_304' title='bbox 709 3520 894 3574; x_wconf 69' lang='lat' dir='ltr'><strong>canat.</strong></span> 
     </span>
    </p>

    <p class='ocr_par' dir='ltr' id='par_1_7' title="bbox 320 3588 1442 3784">
     <span class='ocr_line' id='line_1_41' title="bbox 396 3588 1442 3656; baseline 0.003 -16"><span class='ocrx_word' id='word_1_305' title='bbox 396 3596 477 3640; x_wconf 88' lang='lat'><strong>11.</strong></span> <span class='ocrx_word' id='word_1_306' title='bbox 553 3592 795 3656; x_wconf 54' lang='lat' dir='ltr'><strong>&amp;ittig-&#39;ure</strong></span> <span class='ocrx_word' id='word_1_307' title='bbox 862 3588 922 3642; x_wconf 81' lang='lat' dir='ltr'><strong>in</strong></span> <span class='ocrx_word' id='word_1_308' title='bbox 995 3589 1207 3644; x_wconf 82' lang='lat' dir='ltr'><strong>diesem</strong></span> <span class='ocrx_word' id='word_1_309' title='bbox 1272 3588 1442 3643; x_wconf 81' lang='lat' dir='ltr'><strong>Sinne</strong></span> 
     </span>
     <span class='ocr_line' id='line_1_42' title="bbox 320 3659 1441 3729; baseline 0 -17"><span class='ocrx_word' id='word_1_310' title='bbox 320 3660 481 3712; x_wconf 72' lang='lat' dir='ltr'><strong>nicht</strong></span> <span class='ocrx_word' id='word_1_311' title='bbox 518 3660 573 3712; x_wconf 81' lang='lat' dir='ltr'><strong>in</strong></span> <span class='ocrx_word' id='word_1_312' title='bbox 625 3659 959 3713; x_wconf 72' lang='lat' dir='ltr'><strong>klassischer</strong></span> <span class='ocrx_word' id='word_1_313' title='bbox 992 3659 1190 3727; x_wconf 89' lang='lat' dir='ltr'><strong>Prosa‚</strong></span> <span class='ocrx_word' id='word_1_314' title='bbox 1231 3659 1441 3729; x_wconf 87' lang='lat' dir='ltr'><strong>jedoch</strong></span> 
     </span>
     <span class='ocr_line' id='line_1_43' title="bbox 324 3729 1274 3784; baseline 0.003 -4"><span class='ocrx_word' id='word_1_315' title='bbox 324 3731 413 3784; x_wconf 60' lang='lat' dir='ltr'><strong>hei,</strong></span> <span class='ocrx_word' id='word_1_316' title='bbox 457 3732 665 3784; x_wconf 64' lang='lat' dir='ltr'><strong>Sallust</strong></span> <span class='ocrx_word' id='word_1_317' title='bbox 705 3729 815 3784; x_wconf 79' lang='lat' dir='ltr'><strong>und</strong></span> <span class='ocrx_word' id='word_1_318' title='bbox 852 3745 1000 3784; x_wconf 78' lang='lat' dir='ltr'><strong>zwar</strong></span> <span class='ocrx_word' id='word_1_319' title='bbox 1036 3744 1082 3784; x_wconf 83' lang='lat' dir='ltr'><strong>c.</strong></span> <span class='ocrx_word' id='word_1_320' title='bbox 1119 3730 1274 3784; x_wconf 81' lang='lat' dir='ltr'><strong>infin.</strong></span> 
     </span>
    </p>

    <p class='ocr_par' dir='ltr' id='par_1_8' title="bbox 324 3800 1447 3924">
     <span class='ocr_line' id='line_1_44' title="bbox 405 3800 1447 3856; baseline 0.001 -4"><span class='ocrx_word' id='word_1_321' title='bbox 405 3808 485 3852; x_wconf 69' lang='grc'><strong>12.</strong></span> <span class='ocrx_word' id='word_1_322' title='bbox 553 3801 916 3856; x_wconf 58' lang='lat' dir='ltr'><strong>consternatio</strong></span> <span class='ocrx_word' id='word_1_323' title='bbox 979 3800 1199 3856; x_wconf 85' lang='lat' dir='ltr'><strong>kommt</strong></span> <span class='ocrx_word' id='word_1_324' title='bbox 1261 3802 1447 3855; x_wconf 88' lang='lat' dir='ltr'><strong>zuerst</strong></span> 
     </span>
     <span class='ocr_line' id='line_1_45' title="bbox 324 3872 801 3924; baseline 0 0"><span class='ocrx_word' id='word_1_325' title='bbox 324 3872 417 3924; x_wconf 65' lang='lat' dir='ltr'><strong>hei</strong></span> <span class='ocrx_word' id='word_1_326' title='bbox 457 3872 645 3924; x_wconf 64' lang='lat' dir='ltr'><strong>Livius</strong></span> <span class='ocrx_word' id='word_1_327' title='bbox 689 3888 801 3924; x_wconf 67' lang='lat' dir='ltr'><strong>vor.</strong></span> 
     </span>
    </p>

    <p class='ocr_par' dir='ltr' id='par_1_9' title="bbox 318 3940 1447 4208">
     <span class='ocr_line' id='line_1_46' title="bbox 401 3940 1445 4012; baseline 0 -16"><span class='ocrx_word' id='word_1_328' title='bbox 401 3948 481 3996; x_wconf 74' lang='lat'><strong>14.</strong></span> <span class='ocrx_word' id='word_1_329' title='bbox 541 3944 693 4012; x_wconf 59' lang='lat' dir='ltr'><strong>fagis-</strong></span> <span class='ocrx_word' id='word_1_330' title='bbox 761 3941 925 3997; x_wconf 84' lang='lat' dir='ltr'><strong>Sonst</strong></span> <span class='ocrx_word' id='word_1_331' title='bbox 981 3941 1134 3996; x_wconf 86' lang='lat' dir='ltr'><strong>steht</strong></span> <span class='ocrx_word' id='word_1_332' title='bbox 1181 3940 1445 4009; x_wconf 77' lang='lat' dir='ltr'><strong>impedire</strong></span> 
     </span>
     <span class='ocr_line' id='line_1_47' title="bbox 324 4009 1445 4080; baseline 0.001 -16"><span class='ocrx_word' id='word_1_333' title='bbox 324 4012 429 4068; x_wconf 79' lang='lat' dir='ltr'><strong>mit</strong></span> <span class='ocrx_word' id='word_1_334' title='bbox 485 4016 581 4076; x_wconf 65' lang='lat' dir='ltr'><strong>ab,</strong></span> <span class='ocrx_word' id='word_1_335' title='bbox 641 4016 761 4068; x_wconf 69' lang='lat' dir='ltr'><strong>hier</strong></span> <span class='ocrx_word' id='word_1_336' title='bbox 809 4012 955 4068; x_wconf 87' lang='lat' dir='ltr'><strong>nach</strong></span> <span class='ocrx_word' id='word_1_337' title='bbox 1005 4009 1285 4080; x_wconf 70' lang='lat' dir='ltr'><strong>Analogia</strong></span> <span class='ocrx_word' id='word_1_338' title='bbox 1334 4028 1445 4066; x_wconf 82' lang='lat' dir='ltr'><strong>von</strong></span> 
     </span>
     <span class='ocr_line' id='line_1_48' title="bbox 318 4080 1447 4154; baseline -0.001 -18"><span class='ocrx_word' id='word_1_339' title='bbox 318 4084 605 4152; x_wconf 62' lang='lat' dir='ltr'><strong>prohibere</strong></span> <span class='ocrx_word' id='word_1_340' title='bbox 645 4084 834 4152; x_wconf 62' lang='lat' dir='ltr'><strong>nli-&#39;qua</strong></span> <span class='ocrx_word' id='word_1_341' title='bbox 869 4100 944 4154; x_wconf 82' lang='lat' dir='ltr'><strong>re,</strong></span> <span class='ocrx_word' id='word_1_342' title='bbox 991 4081 1103 4138; x_wconf 81' lang='lat' dir='ltr'><strong>wie</strong></span> <span class='ocrx_word' id='word_1_343' title='bbox 1141 4081 1315 4137; x_wconf 77' lang='lat' dir='ltr'><strong>sehon</strong></span> <span class='ocrx_word' id='word_1_344' title='bbox 1351 4080 1447 4135; x_wconf 86' lang='lat' dir='ltr'><strong>bei</strong></span> 
     </span>
     <span class='ocr_line' id='line_1_49' title="bbox 328 4156 550 4208; baseline 0.009 -2"><span class='ocrx_word' id='word_1_345' title='bbox 328 4156 550 4208; x_wconf 55' lang='lat' dir='ltr'><strong>Terens.</strong></span> 
     </span>
    </p>

    <p class='ocr_par' dir='ltr' id='par_1_10' title="bbox 401 4222 1443 4281">
     <span class='ocr_line' id='line_1_50' title="bbox 401 4222 1443 4281; baseline 0.001 -5"><span class='ocrx_word' id='word_1_346' title='bbox 401 4232 481 4276; x_wconf 73' lang='grc' dir='ltr'><strong>Π.</strong></span> <span class='ocrx_word' id='word_1_347' title='bbox 521 4224 625 4280; x_wconf 65' lang='lat' dir='ltr'><strong>Dic</strong></span> <span class='ocrx_word' id='word_1_348' title='bbox 657 4226 997 4281; x_wconf 72' lang='lat' dir='ltr'><strong>Parenthese</strong></span> <span class='ocrx_word' id='word_1_349' title='bbox 1024 4224 1129 4279; x_wconf 88' lang='lat' dir='ltr'><strong>mit</strong></span> <span class='ocrx_word' id='word_1_350' title='bbox 1157 4222 1286 4279; x_wconf 88' lang='lat' dir='ltr'><strong>dem</strong></span> <span class='ocrx_word' id='word_1_351' title='bbox 1314 4224 1443 4277; x_wconf 86' lang='lat' dir='ltr'><strong>sub-</strong></span> 
     </span>
    </p>
   </div>
   <div class='ocr_carea' id='block_1_6' title="bbox 1193 3303 1443 3359">
    <p class='ocr_par' dir='ltr' id='par_1_11' title="bbox 1193 3303 1443 3359">
     <span class='ocr_line' id='line_1_51' title="bbox 1193 3303 1443 3359; baseline 0.004 -1"><span class='ocrx_word' id='word_1_352' title='bbox 1193 3303 1286 3359; x_wconf 86' lang='lat' dir='ltr'><strong>bei</strong></span> <span class='ocrx_word' id='word_1_353' title='bbox 1313 3303 1443 3359; x_wconf 85' lang='lat' dir='ltr'><strong>Tac.</strong></span> 
     </span>
    </p>
   </div>
   <div class='ocr_carea' id='block_1_7' title="bbox 1547 3142 2682 4294">
    <p class='ocr_par' dir='ltr' id='par_1_12' title="bbox 1553 3142 2679 3201">
     <span class='ocr_line' id='line_1_52' title="bbox 1553 3142 2679 3201; baseline 0.002 -2"><span class='ocrx_word' id='word_1_354' title='bbox 1553 3144 1649 3199; x_wconf 89' lang='lat' dir='ltr'><strong>bei</strong></span> <span class='ocrx_word' id='word_1_355' title='bbox 1695 3142 1920 3200; x_wconf 86' lang='lat' dir='ltr'><strong>keinem</strong></span> <span class='ocrx_word' id='word_1_356' title='bbox 1964 3146 2210 3200; x_wconf 85' lang='lat' dir='ltr'><strong>anderen</strong></span> <span class='ocrx_word' id='word_1_357' title='bbox 2249 3143 2679 3201; x_wconf 79' lang='lat' dir='ltr'><strong>Schriftsteller.</strong></span> 
     </span>
    </p>

    <p class='ocr_par' dir='ltr' id='par_1_13' title="bbox 1550 3215 2682 3554">
     <span class='ocr_line' id='line_1_53' title="bbox 1630 3215 2681 3284; baseline 0.002 -14"><span class='ocrx_word' id='word_1_358' title='bbox 1630 3221 1714 3271; x_wconf 89' lang='lat'><strong>18.</strong></span> <span class='ocrx_word' id='word_1_359' title='bbox 1770 3215 2014 3272; x_wconf 71' lang='lat' dir='ltr'><strong>Romam*</strong></span> <span class='ocrx_word' id='word_1_360' title='bbox 2066 3216 2364 3284; x_wconf 77' lang='lat' dir='ltr'><strong>Romanis,</strong></span> <span class='ocrx_word' id='word_1_361' title='bbox 2425 3215 2516 3270; x_wconf 88' lang='lat' dir='ltr'><strong>ein</strong></span> <span class='ocrx_word' id='word_1_362' title='bbox 2571 3217 2681 3272; x_wconf 90' lang='lat' dir='ltr'><strong>Po·</strong></span> 
     </span>
     <span class='ocr_line' id='line_1_54' title="bbox 1553 3285 2679 3356; baseline 0.004 -18"><span class='ocrx_word' id='word_1_363' title='bbox 1553 3285 1842 3356; x_wconf 81' lang='lat' dir='ltr'><strong>lyptoton,</strong></span> <span class='ocrx_word' id='word_1_364' title='bbox 1898 3287 2003 3341; x_wconf 83' lang='lat' dir='ltr'><strong>wie</strong></span> <span class='ocrx_word' id='word_1_365' title='bbox 2058 3286 2193 3356; x_wconf 79' lang='lat' dir='ltr'><strong>Agr.</strong></span> <span class='ocrx_word' id='word_1_366' title='bbox 2236 3293 2302 3343; x_wconf 88' lang='lat'><strong>18</strong></span> <span class='ocrx_word' id='word_1_367' title='bbox 2357 3288 2679 3342; x_wconf 75' lang='lat' dir='ltr'><strong>dissimula-</strong></span> 
     </span>
     <span class='ocr_line' id='line_1_55' title="bbox 1550 3357 2680 3425; baseline 0 -13"><span class='ocrx_word' id='word_1_368' title='bbox 1550 3359 1698 3413; x_wconf 78' lang='lat' dir='ltr'><strong>tione</strong></span> <span class='ocrx_word' id='word_1_369' title='bbox 1739 3358 1923 3425; x_wconf 76' lang='lat' dir='ltr'><strong>famae</strong></span> <span class='ocrx_word' id='word_1_370' title='bbox 1964 3359 2174 3424; x_wconf 79' lang='lat' dir='ltr'><strong>famam</strong></span> <span class='ocrx_word' id='word_1_371' title='bbox 2209 3359 2386 3413; x_wconf 76' lang='lat' dir='ltr'><strong>auxit.</strong></span> <span class='ocrx_word' id='word_1_372' title='bbox 2451 3357 2583 3412; x_wconf 85' lang='lat' dir='ltr'><strong>hist.</strong></span> <span class='ocrx_word' id='word_1_373' title='bbox 2621 3363 2680 3425; x_wconf 74' lang='lat'><strong>4,</strong></span> 
     </span>
     <span class='ocr_line' id='line_1_56' title="bbox 1552 3429 2682 3497; baseline 0.001 -13"><span class='ocrx_word' id='word_1_374' title='bbox 1552 3434 1622 3484; x_wconf 81' lang='lat'><strong>64</strong></span> <span class='ocrx_word' id='word_1_375' title='bbox 1658 3429 1803 3497; x_wconf 74' lang='lat' dir='ltr'><strong>quod</strong></span> <span class='ocrx_word' id='word_1_376' title='bbox 1836 3430 2059 3485; x_wconf 73' lang='lat' dir='ltr'><strong>tamdem</strong></span> <span class='ocrx_word' id='word_1_377' title='bbox 2094 3430 2255 3485; x_wconf 79' lang='lat' dir='ltr'><strong>liberi</strong></span> <span class='ocrx_word' id='word_1_378' title='bbox 2288 3430 2432 3484; x_wconf 78' lang='lat' dir='ltr'><strong>inter</strong></span> <span class='ocrx_word' id='word_1_379' title='bbox 2478 3430 2682 3486; x_wconf 77' lang='lat' dir='ltr'><strong>liberos</strong></span> 
     </span>
     <span class='ocr_line' id='line_1_57' title="bbox 1551 3501 1719 3554; baseline -0.006 0"><span class='ocrx_word' id='word_1_380' title='bbox 1551 3501 1719 3554; x_wconf 77' lang='lat' dir='ltr'><strong>eritis.</strong></span> 
     </span>
    </p>

    <p class='ocr_par' dir='ltr' id='par_1_14' title="bbox 1547 3570 2680 3764">
     <span class='ocr_line' id='line_1_58' title="bbox 1622 3570 2680 3641; baseline 0.001 -17"><span class='ocrx_word' id='word_1_381' title='bbox 1622 3577 1706 3624; x_wconf 84' lang='grc'><strong>23.</strong></span> <span class='ocrx_word' id='word_1_382' title='bbox 1754 3571 1846 3626; x_wconf 73' lang='lat' dir='ltr'><strong>ius</strong></span> <span class='ocrx_word' id='word_1_383' title='bbox 1890 3571 2180 3640; x_wconf 73' lang='lat' dir='ltr'><strong>leyatn&#39;onis</strong></span> <span class='ocrx_word' id='word_1_384' title='bbox 2224 3570 2341 3626; x_wconf 89' lang='lat' dir='ltr'><strong>scil.</strong></span> <span class='ocrx_word' id='word_1_385' title='bbox 2379 3570 2680 3641; x_wconf 81' lang='lat' dir='ltr'><strong>violatum,</strong></span> 
     </span>
     <span class='ocr_line' id='line_1_59' title="bbox 1547 3639 2678 3764; baseline 0.002 -70"><span class='ocrx_word' id='word_1_386' title='bbox 1547 3639 1678 3764; x_wconf 52' lang='lat' dir='ltr'><strong>{ineI</strong></span> <span class='ocrx_word' id='word_1_387' title='bbox 1738 3643 2051 3710; x_wconf 60' lang='lat' dir='ltr'><strong>pregnante</strong></span> <span class='ocrx_word' id='word_1_388' title='bbox 2114 3641 2538 3698; x_wconf 85' lang='lat' dir='ltr'><strong>Konstruktion.</strong></span> <span class='ocrx_word' id='word_1_389' title='bbox 2618 3641 2678 3697; x_wconf 88' lang='lat' dir='ltr'><strong>S.</strong></span> 
     </span>
    </p>

    <p class='ocr_par' dir='ltr' id='par_1_15' title="bbox 1596 3710 1925 3777">
     <span class='ocr_line' id='line_1_60' title="bbox 1596 3710 1925 3777; baseline 0.009 -14"><span class='ocrx_word' id='word_1_390' title='bbox 1596 3710 1656 3764; x_wconf 90' lang='lat' dir='ltr'><strong>in</strong></span> <span class='ocrx_word' id='word_1_391' title='bbox 1683 3751 1696 3765; x_wconf 88' lang='lat'><strong>.</strong></span> <span class='ocrx_word' id='word_1_392' title='bbox 1726 3716 1772 3777; x_wconf 66' lang='lat'><strong>§-</strong></span> <span class='ocrx_word' id='word_1_393' title='bbox 1806 3717 1925 3767; x_wconf 82' lang='lat'><strong>121.</strong></span> 
     </span>
    </p>

    <p class='ocr_par' dir='ltr' id='par_1_16' title="bbox 1548 3783 2677 3992">
     <span class='ocr_line' id='line_1_61' title="bbox 1622 3783 2677 3852; baseline 0.005 -17"><span class='ocrx_word' id='word_1_394' title='bbox 1622 3786 1707 3838; x_wconf 77' lang='lat'><strong>24.</strong></span> <span class='ocrx_word' id='word_1_395' title='bbox 1760 3783 1989 3838; x_wconf 75' lang='lat' dir='ltr'><strong>dedecus</strong></span> <span class='ocrx_word' id='word_1_396' title='bbox 2039 3783 2197 3838; x_wconf 78' lang='lat' dir='ltr'><strong>adire</strong></span> <span class='ocrx_word' id='word_1_397' title='bbox 2247 3784 2417 3852; x_wconf 86' lang='lat' dir='ltr'><strong>(statt</strong></span> <span class='ocrx_word' id='word_1_398' title='bbox 2465 3783 2677 3840; x_wconf 83' lang='lat' dir='ltr'><strong>admit-</strong></span> 
     </span>
     <span class='ocr_line' id='line_1_62' title="bbox 1548 3851 2676 3924; baseline 0.004 -19"><span class='ocrx_word' id='word_1_399' title='bbox 1548 3852 1689 3920; x_wconf 90' lang='lat' dir='ltr'><strong>tere)</strong></span> <span class='ocrx_word' id='word_1_400' title='bbox 1734 3851 1809 3906; x_wconf 86' lang='lat' dir='ltr'><strong>ist</strong></span> <span class='ocrx_word' id='word_1_401' title='bbox 1854 3869 1990 3921; x_wconf 87' lang='lat' dir='ltr'><strong>neu,</strong></span> <span class='ocrx_word' id='word_1_402' title='bbox 2036 3854 2185 3908; x_wconf 85' lang='lat' dir='ltr'><strong>nach</strong></span> <span class='ocrx_word' id='word_1_403' title='bbox 2230 3852 2511 3924; x_wconf 83' lang='lat' dir='ltr'><strong>Analogie</strong></span> <span class='ocrx_word' id='word_1_404' title='bbox 2555 3870 2676 3910; x_wconf 80' lang='lat' dir='ltr'><strong>von</strong></span> 
     </span>
     <span class='ocr_line' id='line_1_63' title="bbox 1551 3924 2644 3992; baseline 0.002 -14"><span class='ocrx_word' id='word_1_405' title='bbox 1551 3924 1710 3979; x_wconf 80' lang='lat' dir='ltr'><strong>adire</strong></span> <span class='ocrx_word' id='word_1_406' title='bbox 1735 3924 2068 3992; x_wconf 77' lang='lat' dir='ltr'><strong>periculum,</strong></span> <span class='ocrx_word' id='word_1_407' title='bbox 2105 3924 2331 3980; x_wconf 78' lang='lat' dir='ltr'><strong>labores.</strong></span> <span class='ocrx_word' id='word_1_408' title='bbox 2634 3966 2644 3971; x_wconf 78' lang='grc'><strong>-</strong></span> 
     </span>
    </p>

    <p class='ocr_par' dir='ltr' id='par_1_17' title="bbox 1550 4009 2679 4294">
     <span class='ocr_line' id='line_1_64' title="bbox 1622 4009 2677 4083; baseline 0.005 -19"><span class='ocrx_word' id='word_1_409' title='bbox 1622 4009 1719 4067; x_wconf 82' lang='lat'><strong>40.</strong></span> <span class='ocrx_word' id='word_1_410' title='bbox 1757 4016 1807 4066; x_wconf 84' lang='lat'><strong>2.</strong></span> <span class='ocrx_word' id='word_1_411' title='bbox 1856 4010 1968 4065; x_wconf 89' lang='lat' dir='ltr'><strong>Der</strong></span> <span class='ocrx_word' id='word_1_412' title='bbox 2002 4011 2197 4066; x_wconf 89' lang='lat' dir='ltr'><strong>Plural</strong></span> <span class='ocrx_word' id='word_1_413' title='bbox 2233 4013 2490 4083; x_wconf 67' lang='lat' dir='ltr'><strong>obsequia</strong></span> <span class='ocrx_word' id='word_1_414' title='bbox 2524 4014 2677 4069; x_wconf 88' lang='lat' dir='ltr'><strong>auch</strong></span> 
     </span>
     <span class='ocr_line' id='line_1_65' title="bbox 1551 4081 2679 4150; baseline 0.004 -15"><span class='ocrx_word' id='word_1_415' title='bbox 1551 4087 1611 4150; x_wconf 91' lang='grc'><strong>2,</strong></span> <span class='ocrx_word' id='word_1_416' title='bbox 1650 4086 1737 4136; x_wconf 91' lang='grc'><strong>55.</strong></span> <span class='ocrx_word' id='word_1_417' title='bbox 1775 4087 1825 4149; x_wconf 87' lang='grc'><strong>3,</strong></span> <span class='ocrx_word' id='word_1_418' title='bbox 1865 4087 1933 4137; x_wconf 85' lang='grc'><strong>65</strong></span> <span class='ocrx_word' id='word_1_419' title='bbox 1978 4081 2093 4137; x_wconf 86' lang='lat' dir='ltr'><strong>und</strong></span> <span class='ocrx_word' id='word_1_420' title='bbox 2139 4082 2316 4138; x_wconf 88' lang='lat' dir='ltr'><strong>schon</strong></span> <span class='ocrx_word' id='word_1_421' title='bbox 2359 4084 2420 4138; x_wconf 93' lang='lat' dir='ltr'><strong>in</strong></span> <span class='ocrx_word' id='word_1_422' title='bbox 2470 4083 2679 4139; x_wconf 80' lang='lat' dir='ltr'><strong>klassi-</strong></span> 
     </span>
     <span class='ocr_line' id='line_1_66' title="bbox 1552 4152 2676 4227; baseline 0.006 -22"><span class='ocrx_word' id='word_1_423' title='bbox 1552 4154 1714 4206; x_wconf 90' lang='lat' dir='ltr'><strong>scher</strong></span> <span class='ocrx_word' id='word_1_424' title='bbox 1761 4152 1902 4208; x_wconf 88' lang='lat' dir='ltr'><strong>Zeit.</strong></span> <span class='ocrx_word' id='word_1_425' title='bbox 1949 4183 2017 4194; x_wconf 92' lang='lat'>—</span> <span class='ocrx_word' id='word_1_426' title='bbox 2063 4154 2279 4209; x_wconf 76' lang='lat' dir='ltr'><strong>rebellis</strong></span> <span class='ocrx_word' id='word_1_427' title='bbox 2328 4153 2479 4209; x_wconf 88' lang='lat' dir='ltr'><strong>nach</strong></span> <span class='ocrx_word' id='word_1_428' title='bbox 2514 4153 2676 4227; x_wconf 83' lang='lat' dir='ltr'><strong>Virg.</strong></span> 
     </span>
     <span class='ocr_line' id='line_1_67' title="bbox 1550 4223 2324 4294; baseline 0.004 -17"><span class='ocrx_word' id='word_1_429' title='bbox 1550 4225 1615 4277; x_wconf 92' lang='lat' dir='ltr'><strong>A.</strong></span> <span class='ocrx_word' id='word_1_430' title='bbox 1657 4225 1705 4291; x_wconf 76' lang='lat'><strong>6,</strong></span> <span class='ocrx_word' id='word_1_431' title='bbox 1737 4228 1856 4279; x_wconf 83' lang='lat'><strong>858.</strong></span> <span class='ocrx_word' id='word_1_432' title='bbox 1896 4223 2044 4280; x_wconf 87' lang='lat' dir='ltr'><strong>Curt.</strong></span> <span class='ocrx_word' id='word_1_433' title='bbox 2078 4231 2127 4294; x_wconf 86' lang='lat'><strong>8,</strong></span> <span class='ocrx_word' id='word_1_434' title='bbox 2159 4229 2206 4294; x_wconf 90' lang='lat'><strong>1,</strong></span> <span class='ocrx_word' id='word_1_435' title='bbox 2238 4230 2324 4280; x_wconf 77' lang='lat'><strong>35.</strong></span> 
     </span>
    </p>
   </div>
  </div>
 </body>
</html>
