2867 4625
274 77 361 146 72
930 78 1279 136 CORNELII
1312 78 1556 135 TACITI
1589 78 1982 135 ANNALIUM

275 245 341 308 et
378 243 548 327 quod
585 242 871 308 maxime
906 245 1265 308 castrorum
1303 241 1632 307 sincerum
1668 243 1811 307 erat
1847 241 2100 309 occulte
2134 240 2386 325 recitat,
2420 245 2633 328 utque

274 334 545 397 cunctos
594 329 930 413 infamiae,
995 351 1064 396 80
1117 331 1298 415 ipsos
1358 330 1560 396 morti
1622 330 1906 396 eximant
1958 329 2288 396 hortatur.
2344 351 2501 395 nam
2554 330 2631 396 in

274 435 435 504 pace
469 439 700 486 causas
737 424 805 485 et
847 420 1081 485 merita
1125 421 1433 504 spectari3
1478 419 1597 484 ubi
1631 419 1879 484 bellum
1916 418 2200 505 ingruat,
2244 419 2634 486 innocentes

276 531 349 574 ac
392 509 627 574 noxios
670 509 852 573 iuxta
896 508 1141 574 cadere.
1230 508 1332 573 illi
1376 508 1720 592 temptatis
1766 527 1929 594 quos
1975 507 2242 573 idoneos
2295 508 2638 594 rebantur,

172 615 239 666 10
275 602 620 683 postquam
665 597 976 663 maiorem
1021 596 1352 682 legionum
1386 602 1644 682 partem
1687 597 1759 662 in
1804 596 2030 662 officio·
2069 596 2312 680 vident,
2356 597 2435 662 de
2482 618 2631 663 8011-

274 686 483 752 tentia
535 686 739 772 legati
793 689 1093 751 statuunt
1144 689 1432 771 tempus,
1492 707 1622 770 quo
1681 684 2138 752 foedissimum·
2186 699 2510 771 quemque
2560 689 2636 751 et

277 774 582 841 seditioni
624 777 1005 860 promptum
1047 773 1221 840 ferro
1265 774 1596 840 invadant.
1686 778 1843 840 tunc
1892 774 2083 858 81380
2128 774 2299 839 inter
2354 796 2438 840 80
2471 774 2629 840 dato

277 864 662 948 inrumpunt
705 863 1160 945 contubernia,
1213 863 1543 929 trucidant
1586 863 1882 949 ignaros,
1942 864 2130 928 nullo
2173 863 2305 928 nisi
2350 862 2633 929 consciis

277 955 588 1018 noscente
633 950 807 1036 quod
852 951 1067 1017 caedis
1111 951 1372 1018 initium
1386 1003 1406 1037 ,
1453 951 1596 1036 quis
1641 952 1810 1017 finis.

170 1044 257 1110 49
454 1039 733 1106 Diversa
777 1040 1090 1119 omnium,
1147 1061 1313 1124 quae
1359 1059 1667 1126 umquam
1715 1039 2033 1123 accidere,
2088 1039 2377 1105 civilium
2425 1062 2640 1106 armo-

276 1150 423 1194 rum
468 1129 687 1195 facies.
773 1150 907 1194 non
951 1128 1229 1215 proelio,
1281 1150 1413 1195 808
1461 1129 1752 1195 adversis
1797 1150 1833 1193 e
1879 1128 2140 1212 castris,
2186 1128 2299 1194 sed
2343 1129 2558 1194 isdem*
2598 1151 2634 1193 e

280 1217 620 1301 cubilibus,
657 1237 825 1302 quos
860 1216 1056 1283 simul
1083 1217 1405 1285 vescentis
1432 1218 1593 1302 dies,
1628 1218 1826 1283 simul
1853 1217 2110 1303 quictos
2136 1237 2267 1283 nox
2294 1217 2639 1302 habuerat,

280 1307 622 1372 ‹fiscedunt
682 1306 751 1371 in
809 1310 1062 1390 partes,
1119 1306 1431 1393 ingerunt
1490 1306 1642 1373 tela.
1733 1307 1983 1372 clamor
2039 1307 2309 1371 vulnera
2368 1307 2642 1395 sanguis

180 1416 244 1465 5
282 1395 522 1479 palam,
558 1411 755 1460 causa
790 1395 859 1459 111
896 1395 1179 1480 occulto;
1227 1399 1446 1461 cetera
1476 1395 1613 1461 fors
1650 1395 1841 1481 regit.
1914 1399 1981 1460 et
2016 1394 2279 1497 quidam
2317 1395 2644 1461 bonorum

283 1483 484 1568 08081,
528 1485 878 1569 postquam
924 1483 1259 1550 intellecto
1303 1484 1374 1549 in
1421 1503 1594 1569 quos
1635 1484 2025 1568 saeviretur,
2070 1483 2340 1569 pessimi
2386 1504 2646 1569 quoque

286 1587 469 1638 81818
505 1575 878 1657 rapuerant.
958 1594 1166 1657 neque
1211 1572 1469 1658 legatus
1508 1576 1623 1638 aut
1655 1572 1962 1638 tribunus
1995 1571 2371 1638 moderator
2407 1572 2648 1656 adfuit3

283 1661 605 1746 permissa
648 1661 847 1747 vulgo
890 1660 1157 1727 lieentia
1203 1664 1397 1746 atque
1442 1660 1613 1727 ultio
1653 1665 1720 1727 et
1756 1660 2046 1727 satietas,
2120 1682 2272 1727 mox
2305 1661 2644 1746 ingressus

284 1752 502 1814 castra
537 1747 981 1834 Germanicae,
1024 1770 1166 1815 non
1194 1750 1586 1815 medicinam
1620 1749 1784 1814 illud
1820 1749 2136 1835 plurimis
2174 1771 2320 1815 cum
2355 1749 2651 1815 lacrimis

181 1859 250 1909 1ο
289 1836 402 1903 sed
448 1838 697 1903 cladem
742 1838 1105 1922 appellans,
1152 1838 1423 1904 cremari
1469 1855 1746 1924 corpora
1789 1838 1989 1906 iubet.

464 1925 704 1993 Truces
742 1926 943 1993 etiam
973 1931 1115 1992 tu'm
1152 1927 1407 1993 animos
1445 1927 1682 2012 cupido
1717 1928 1971 1993 involat
2017 1925 2213 1993 eundi
2258 1927 2331 1992 in
2372 1927 2653 2011 hostem,

288 2013 617 2098 piaculum
653 2013 922 2100 furoris3
956 2037 1084 2082 nec·
1113 2015 1307 2081 aliter
1341 2035 1544 2100 posse
1571 2016 1820 2101 placari
1860 2016 2377 2082 commilitonum
2404 2033 2651 2099 manes,

290 2124 485 2188 quam
533 2103 591 2168 81
635 2104 1009 2189 pectoribus
1056 2104 1278 2190 impiis
1323 2104 1610 2171 honesta.
1636 2104 1908 2170 vulnera
1946 2104 2364 2188 accepissent.
2437 2103 2650 2188 sequi-

289 2197 401 2257 tur
447 2192 744 2259 ardorem
791 2193 1072 2259 militum
1121 2190 1360 2259 Caesar
1403 2193 1768 2278 iunctoque
1804 2198 2006 2277 ponte
2050 2192 2361 2259 tramittit
2410 2191 2650 2257 duode-

187 2300 255 2351 15
295 2280 424 2346 cim
478 2280 661 2348 milia
715 2303 752 2349 e
804 2281 1204 2367 legionibus,
1264 2302 1377 2349 sex
1437 2286 1505 2348 et
1557 2281 1795 2369 viginti
1851 2282 2061 2348 socias
2122 2280 2439 2366 cohortis,
2498 2287 2652 2347 octo

297 2370 589 2456 equitum
646 2371 811 2456 alas,
867 2392 1141 2456 quarum
1198 2392 1275 2436 08
1330 2370 1649 2436 seditione
1703 2371 2095 2436 intemerata
2138 2369 2459 2435 modestia
2502 2369 2652 2436 fuit.

367 2550 415 2599 7.
454 2546 689 2602 eximere
721 2545 831 2600 mit
867 2545 996 2601 dem
1032 2544 1204 2600 Dativ
1229 2546 1322 2614 (st.
1351 2561 1421 2600 ex

300 2615 434 2672 oder
469 2617 557 2686 de)
593 2618 780 2671 zuerst
804 2616 899 2672 bei
916 2615 1120 2687 virgil,
1159 2616 1356 2672 dann'
1339 2634 1419 2670 181

294 2686 579 2742 silbernen
614 2686 834 2744 Latein.

366 2762 417 2813 9.
481 2759 646 2813 iuxta
705 2758 832 2812 hier
893 2759 1036 2814 statt
1089 2760 1417 2827 promiscue.

293 2826 430 2883 Dies
481 2827 735 2896 Adverb‚
786 2845 901 2884 von
948 2828 1179 2883 Tacitus
1227 2829 1422 2898 11811113

294 2898 356 2953 18
400 2897 834 2981 ubertragenem
871 2899 1042 2954 Sinne
1089 2899 1421 2970 gebraucht,

294 2966 482 3024 haben
553 2968 646 3024 die
707 2968 993 3024 Frfiheren
1062 2969 1243 3026 801Εο8
1307 2969 1422 3024 und

1528 2544 1732 2600 selben
1793 2549 1886 2614 12,
1931 2550 1996 2599 13
2043 2561 2149 2614 per
2210 2544 2424 2600 occulta
2485 2542 2659 2612 folgt,

1527 2615 1664 2670 hist.
1700 2621 1766 2684 2,
1801 2620 1871 2670 57
1927 2616 2073 2670 inter
2132 2620 2336 2670 secreta
2396 2616 2655 2672 convivii.

1526 2657 1774 2741 Khnfiofi
1812 2702 1940 2743 ann
1970 2693 2021 2753 0,
2054 2692 2084 2741 ⁷
2116 2687 2415 2756 propalam
2450 2714 2520 2726 -
2553 2702 2660 2756 per

1527 2758 1813 2814 occultum.
1891 2763 1986 2826 12,
2022 2762 2092 2812 46
2130 2757 2430 2827 propalam
2467 2784 2536 2796 —-
2571 2772 2657 2811 80-

1527 2830 1689 2884 cretis
1721 2829 1956 2883 nuntiis.

1600 2906 1650 2955 6.
1696 2900 1967 2954 intellecto
2008 2897 2187 2953 findet
2231 2896 2351 2953 sich
2386 2912 2495 2952 nur
2530 2897 2659 2953 hier

1528 2970 1645 3025 und
1678 2969 1715 3024 J
1716 2969 1883 3025 ustin
1914 2973 2001 3037 38,
2028 2975 2080 3036 3,
2110 2974 2161 3024 6.

295 3054 444 3094 zvar
479 3040 836 3110 gewbhnlich
871 3039 980 3095 mit
1013 3056 1081 3096 ac
1123 3042 1200 3108 si,
1244 3045 1424 3110 atque,

295 3126 478 3183 quam,
514 3126 651 3166 cm.

302 3187 626 3308 volovui’ssre
662 3198 810 3306 888111
847 3180 1423 3323 ὓῗζὲθῗιίεἷτὲῗθὸῗ

299 3322 524 3378 Ebenso
558 3322 656 3378 bei
689 3295 1000 3393 F'rfiheren,
1039 3324 1152 3378 wie
1187 3324 1423 3379 Plautus

302 3394 428 3450 und
461 3392 693 3460 Terenz,
731 3393 947 3450 Sallust
981 3394 1098 3449 und
1133 3392 1343 3450 Livius.

379 3470 461 3522 13.
499 3468 816 3535 inrumpere
851 3466 959 3521 mit
984 3464 1221 3522 blossem
1248 3464 1428 3521 Accu-

304 3537 452 3593 sativ
488 3537 661 3592 echon
708 3536 801 3591 bei
838 3536 1011 3592 68881·
1045 3537 1159 3591 und
1198 3530 1427 3592 Sallust.

302 3606 600 3678 vgl.Ein1.
621 3614 668 3674 ξ.
690 3611 776 3676 25,
797 3610 846 3663 3.
902 3607 1095 3664 Selten
1132 3606 1432 3663 verbindet

309 3694 369 3735 08
357 3625 635 3734 gTacitus
672 3678 781 3733 mit
814 3679 879 3733 in
915 3680 1052 3734 oder
1087 3679 1176 3734 ad.

377 3747 475 3807 49.
525 3755 578 3804 2.
627 3750 800 3815 facies
844 3750 1158 3833 gebraucht
1199 3748 1428 3804 Tacitus

307 3818 408 3892 oft,
439 3837 537 3875 um
569 3819 671 3875 das
702 3808 936 3875 Kufsere
970 3820 1125 3875 einer
1150 3818 1331 3874 Sache
1368 3838 1436 3875 zu

305 3864 666 3960 bezeichnen,
693 3890 802 3945 wie
827 3892 1001 3959 facies
1027 3892 1172 3962 belli,
1190 3902 1435 3962 pugnae,

306 3964 586 4031 victoriae,
615 3964 881 4029 laborum,
909 3964 1164 4019 locorum.
1231 3962 1304 4017 80
1331 3980 1437 4017 nur

308 4034 494 4105 Virgil
541 4034 659 4089 und
709 4033 801 4088 die
845 4033 1144 4089 Ptosaiker
1192 4032 1292 4087 des
1338 4033 1437 4087 sil-

308 4104 520 4163 1101808
558 4104 873 4161 Zeitalters.

384 4183 432 4231 5.
508 4175 652 4231 Dem
725 4174 953 4230 Adverb
1015 4177 1213 4259 palam
1285 4175 1439 4230 steht

312 4247 635 4318 gegem'iber
701 4248 767 4303 in
820 4248 1053 4315 occulto,
1114 4246 1222 4301 wie
1284 4244 1439 4301 dem-

388 4556 425 4607 k

1603 3046 1653 3097 9.
1699 3041 1872 3106 illud]
1911 3039 2011 3095 das
2047 3038 2326 3095 Neutrum
2360 3038 2469 3094 wie
2505 3044 2663 3107 4,19

1529 3113 1692 3182 quasi
1725 3112 1870 3166 illud
1903 3111 2214 3180 respublica
2257 3114 2404 3166 esset.
2470 3115 2536 3180 2,
2564 3114 2659 3166 3.8

1536 3188 1620 3250 16,
1647 3187 1732 3237 22.
1781 3181 1913 3252 Agr.
1945 3187 2015 3237 43
2051 3183 2163 3238 sive
2197 3196 2337 3237 ewra
2369 3153 2536 3236 illud·
2547 3182 2665 3237 sive

1531 3253 1821 3323 inquisitio
1857 3259 1990 3309 erat.
2047 3251 2151 3306 Bei
2176 3251 2557 3308 Definitionen
2581 3252 2665 3306 ist

1535 3324 1638 3378 das
1664 3324 1942 3378 Neutrum
1973 3338 2142 3393 80381·
2168 3323 2512 3393 notwendig,
2547 3324 2659 3378 wie

1540 3388 1654 3450 cio.
1689 3394 1835 3449 Phil.
1878 3400 1936 3463 1,
1978 3399 2069 3462 10,
2108 3400 2178 3450 26
2226 3394 2374 3464 quod
2420 3394 2506 3449 ita
2556 3395 2664 3449 erit

1536 3469 1761 3535 gestam,
1797 3466 1862 3521 id
1898 3466 1988 3520 lex
2021 3465 2141 3520 erit.
2199 3465 2346 3521 Einl.
2376 3469 2422 3531 §-
2456 3470 2541 3520 18.

1622 3538 1707 3592 11.
1774 3535 2051 3607 Obgleich
2113 3537 2363 3591 involare
2424 3536 2663 3606 aliquem

1539 3606 1715 3663 801108
1749 3606 1844 3662 bei
1879 3606 2126 3662 Plautus
2164 3606 2343 3673 steht,
2394 3605 2472 3660 ist
2516 3607 2667 3662 doch

1537 3678 1629 3734 die
1664 3678 1882 3734 Phrase
2044 3679 2057 3691 ·
2170 3693 2255 3732 mc
2296 3678 2510 3733 involat
2552 3694 2665 3733 neu

1536 3749 1791 3821 gebildet
1816 3749 1932 3805 und
1958 3767 2059 3805 απ.
2089 3746 2191 3818 εἰς».

1616 3807 1891 3946 ffinlfiber
1911 3818 2006 3875 die
2023 3768 2365 3890 Apposition
2379 3820 2670 3890 piaculum

1543 3908 1586 3948 8.
1791 3897 1821 3958 g
1866 3896 1953 3946 47.

1618 3966 1701 4018 16.
1735 3963 2109 4031 intemeratus,
2135 3961 2243 4018 wie
2263 3977 2347 4032 cp.
2368 3966 2457 4030 42,
2484 3961 2675 4017 zuerst

1541 4034 1637 4089 bei
1672 4033 2262 4104 Virg.Aen.3,178
2326 4037 2377 4088 et
2436 4046 2673 4088 mma

1546 4105 1657 4160 libo
1684 4106 2010 4160 intemerata
2035 4105 2191 4170 focas.
2252 4103 2421 4159 Sonst
2445 4120 2553 4158 nur
2577 4102 2675 4159 bei

1550 4176 1850 4245 Spateren,
1899 4175 1991 4230 bei
2026 4174 2256 4230 Tacitus
2302 4176 2420 4230 erst
2464 4174 2527 4229 in
2563 4175 2676 4230 den

1550 4245 1838 4316 grosseren
1873 4245 2140 4302 Werken.
