2867 4625
1017 108 1239 165 LIBER
1272 107 1319 168 L
1391 107 1546 166 CAP.
1577 114 1806 166 73-74,
2500 111 2585 176 89

236 273 507 358 caelum,
550 275 630 339 ut
673 273 743 337 in
784 273 1139 358 perniciem
1184 272 1424 338 civium
1470 271 1529 337 is
1574 269 1786 337 honor
1829 273 2209 337 verteretur.
2290 270 2588 339 Cassium

233 362 630 427 histrionem
685 362 951 427 solitum
1006 362 1177 426 inter
1233 360 1397 426 alios
1453 359 1743 425 eiusdem
1801 361 1965 425 artis
2024 359 2342 425 interesse
2398 361 2590 448 ludis,

237 472 399 536 quos
444 453 660 516 mater
716 471 835 515 sua
887 450 956 514 in
1009 449 1395 515 memoriam
1441 449 1727 534 Augusti
1781 452 2130 533 sacrasset3
2187 469 2309 514 nec
2362 454 2591 516 contra

234 539 590 623 religiones
633 539 795 620 fieri,
840 538 1016 624 quod
1060 537 1311 622 effigies
1358 537 1517 622 eius,
1563 541 1637 602 ut
1681 537 1809 603 alia
1843 537 2186 603 numinum
2224 537 2589 620 simulacra,

234 626 723 693 venditionibus
779 626 1121 693 hortorum
1174 629 1243 691 et
1296 626 1608 691 domuum
1667 625 1995 692 accedant.
2085 625 2188 691 ius
2247 627 2588 693 iurandum
2628 646 2694 697 15

230 717 505 802 perinde
542 715 1018 781 aestimandum
1052 737 1250 800 quam
1278 715 1335 781 si
1362 714 1587 781 Iovem
1611 714 1980 781 fefellisset:
2016 715 2284 780 deorum
2318 717 2589 783 iniurias

230 806 331 870 dis
380 825 593 870 curae.

413 892 557 959 Nec
601 893 812 958 multo
857 896 1012 978 post
1046 890 1361 958 Granium
1397 891 1780 958 Marcellum
1826 895 2194 976 praetorem
2240 891 2589 978 Bithyniae
2613 899 2700 964 74

238 986 552 1068 quaestor
606 982 817 1066 ipsius
872 980 1117 1067 Caepio
1175 980 1516 1066 Crispinus
1575 981 1938 1047 maiestatis
1999 981 2384 1066 postulavit,
2443 984 2588 1049 sub-

238 1072 570 1138 scribente
633 1070 937 1136 Romano
1000 1069 1328 1154 Hispone:
1404 1069 1519 1153 qui
1589 1069 1871 1134 formam
1934 1070 2108 1134 vitae
2180 1070 2331 1134 iniit
2394 1093 2588 1155 quam

235 1163 471 1243 postea
534 1160 857 1225 celebrem
919 1159 1220 1224 miseriae
1291 1162 1662 1242 temporum
1735 1162 1802 1223 et
1874 1158 2180 1222 audaciae
2251 1158 2590 1225 hominum

239 1249 562 1314 fecerunt.
651 1270 808 1313 nam
855 1268 1079 1331 egens,
1134 1248 1429 1333 ignotae,
1484 1247 1767 1330 inquies,
1821 1247 1977 1311 dum
2021 1247 2294 1312 occultis
2350 1247 2588 1314 libellis
2627 1266 2663 1316 5

236 1337 549 1403 saevitiae
602 1338 912 1422 principis
968 1336 1250 1421 adrepit,
1314 1357 1468 1400 mox
1522 1335 1884 1401 clarissimo
1943 1336 2174 1419 cuique
2228 1336 2590 1421 periculum

235 1426 539 1510 facessit,
593 1426 955 1510 potentiam
1012 1425 1181 1509 apud
1241 1446 1477 1508 unum,
1537 1424 1758 1489 odium
1817 1424 1987 1507 apud
2048 1424 2252 1488 omnis
2314 1425 2589 1510 adeptus

236 1514 418 1579 dedit
473 1515 867 1598 exemplum,
922 1514 1096 1598 quod
1152 1513 1358 1579 secuti
1415 1535 1494 1577 ex
1548 1512 1941 1597 pauperibus
1998 1510 2260 1596 divites,
2314 1535 2393 1578 ex
2439 1535 2589 1579 con·

234 1604 509 1687 temptis
546 1603 878 1668 metuendi
921 1603 1280 1686 perniciem
1327 1601 1474 1666 aliis
1521 1624 1598 1666 ac
1643 1604 2046 1686 postremum
2096 1601 2223 1666 sibi
2267 1601 2588 1669 invenere.

236 1691 354 1757 se'd
428 1692 809 1757 Marcellum
887 1691 1315 1756 insimulabat
1388 1690 1691 1755 sinistros
1763 1689 1842 1755 de
1914 1690 2173 1755 Tiberio
2257 1712 2585 1757 sermones
2629 1711 2700 1760 ιο

233 1780 567 1863 habuisse,
607 1780 989 1845 inevitabile
1035 1781 1299 1864 crimen,
1343 1801 1492 1844 cum
1538 1801 1618 1844 ex
1662 1778 1955 1845 moribus
2001 1778 2314 1864 principis
2350 1778 2586 1846 foedis·

236 1869 410 1933 sima
447 1890 739 1953 quaeque
776 1868 1090 1953 deligeret
1137 1874 1479 1934 accusator
1513 1867 1996 1952 obiectaretque
2031 1889 2165 1933 rec.
2239 1890 2395 1932 nam
2435 1870 2590 1954 quia

237 1979 397 2022 vera
453 1962 668 2036 erant,
724 1957 922 2022 etiam
976 1958 1153 2022 dicta
1207 1955 1656 2022 credebantur.
1748 1955 1997 2021 addidit
2040 1955 2252 2040 Hispo
2300 1960 2588 2024 statuam

235 2045 534 2111 Marcelli
571 2045 768 2111 altius
805 2068 1002 2131 quam
1041 2044 1391 2111 Caesarum
1437 2045 1653 2129 sitam,
1698 2047 1766 2109 et
1812 2046 1943 2110 alia
1986 2046 2055 2108 in
2100 2048 2319 2111 statua
2364 2068 2589 2132 ampu-

239 2138 385 2200 tato
431 2135 647 2219 capite
685 2133 971 2220 Augusti
1017 2134 1300 2217 effigiem
1348 2133 1593 2198 Tiberii
1635 2133 1927 2199 inditam.
2001 2134 2083 2198 ad
2129 2135 2300 2219 quod
2347 2136 2590 2200 exarsit
2630 2151 2701 2202 15

238 2223 424 2306 ade0,
470 2225 546 2288 ut
580 2227 776 2308 rupta
811 2224 1263 2289 taciturnitate
1299 2222 1736 2307 proclamaret
1774 2244 1842 2287 se
1879 2243 2135 2308 quoque
2171 2222 2241 2285 in
2279 2245 2356 2288 ea
2394 2244 2590 2288 causa

239 2314 527 2379 laturum
600 2314 990 2378 sententiam
1060 2314 1284 2396 palam
1348 2314 1416 2376 et
1461 2313 1793 2397 iuratum,
1866 2333 1995 2396 quo
2070 2312 2301 2377 ceteris
2366 2313 2591 2380 eadem

238 2401 599 2467 necessitas
672 2401 874 2467 fieret.
984 2401 1341 2467 manebant
1411 2389 1613 2465 etiam
1685 2405 1825 2465 tum
1897 2400 2176 2485 vestigia
2249 2402 2589 2466 morientis

237 2491 586 2556 libertatis.
657 2490 862 2574 igitur
896 2488 1011 2556 Cn.
1047 2489 1201 2555 Piso
1241 2487 1421 2574 ‘quo'
1465 2490 1682 2573 inquit
1728 2487 1896 2553 ‘loco
1944 2487 2257 2573 censebis,
2304 2486 2591 2554 Caesar?

237 2646 366 2701 tion
400 2646 544 2701 fiber
587 2645 680 2700 die
727 2613 1141 2701 senatorischen
1177 2645 1362 2700 Fami·
1468 2645 1748 2702 vertreter
1801 2644 2055 2726 Legaten
2118 2644 2255 2699 oder
2308 2644 2587 2699 Prokura-

238 2716 359 2772 lien
423 2716 539 2770 und
592 2717 652 2771 in
706 2716 822 2786 Maj
827 2717 1036 2771 estate-
1091 2716 1208 2771 und
1260 2716 1362 2770 Er·
1468 2720 1632 2772 toren
1696 2716 1928 2782 samito,
1997 2714 2154 2770 sind.
2222 2711 2327 2770 das
2391 2714 2513 2770 ub·

278 2803 844 2857 ressungu-prozessen
890 2788 1037 2843 auch
1079 2788 1221 2843 iiber
1271 2785 1362 2842 die
1471 2786 1734 2870 Spanien,
1772 2757 2022 2854 Gallien,
2058 2783 2423 2855 Germanien,
2459 2787 2564 2842 C''

237 2806 434 2914 flitter
468 2862 811 2914 anvertraut.
1471 2858 1610 2926 cien,
1648 2857 1884 2927 Cypern,
1922 2856 2119 2926 Syrien
2154 2856 2272 2911 und
2309 2828 2590 2929 Ᾰςῃιΐοιι.

318 2935 402 2984 12.
442 2930 604 2985 ludis.
647 2929 721 2984 Es
757 2946 946 2984 waren
984 2928 1233 3000 Schausp
1234 2929 1364 2998 iele,
1470 2929 1599 2984 Alle
1650 2927 1922 2983 Beamten
1976 2928 2078 2983 der
2129 2929 2441 2984 Provinzen
2493 2930 2590 2985 be-

238 3001 321 3056 im
340 2999 627 3055 Palatium
656 3000 896 3069 gefeiert
921 2999 1038 3054 und
1067 3001 1187 3055 drei
1208 3002 1363 3071 Tage
1470 3017 1648 3069 zogen
1684 3000 1960 3054 nunmehr
1997 3000 2139 3056 feste
2175 2999 2589 3071 Beseldungen.

239 3071 495 3127 dauernd
533 3072 679 3142 (ludi
712 3071 1001 3141 Palatini)
1542 3086 1592 3135 2.
1622 3080 1906 3149 postulare
1932 3080 2036 3133 hat
2066 3079 2212 3134 auch
2246 3080 2456 3135 Sueton
2483 3082 2593 3135 mit

318 3148 403 3197 16.
448 3144 678 3210 perinde
719 3160 884 3212 quam
925 3144 978 3197 si
1021 3142 1198 3197 findet
1242 3142 1363 3197 sich
1470 3150 1598 3206 dem
1637 3149 1898 3217 Genetiv,
1947 3146 2140 3205 Cicero
2187 3168 2293 3205 nur
2339 3151 2448 3205 mit
2491 3151 2592 3205 der

237 3231 348 3269 nur
409 3212 560 3267 noch
623 3219 714 3283 13,
769 3219 838 3269 49
902 3219 1078 3269 cetera
1131 3214 1364 3283 perinde
1469 3221 1696 3291 Prapos.
1717 3223 1797 3277 de.
1845 3191 2006 3275 A’uch
2034 3220 2141 3274 mit
2165 3220 2396 3276 Ablativ
2425 3227 2477 3289 3,
2501 3226 2588 3279 38.

240 3300 460 3355 ⁶9⁷09W
483 3301 650 3353 qm
674 3300 725 3339 ⁸¹
750 3287 1047 3352 WNGYO»
1073 3286 1167 3340 ⁸⁶¹²
1186 3285 1362 3339 Thra·
1543 3306 1590 3356 3.
1643 3302 1745 3371 qui
1796 3298 2022 3355 bezieht
2073 3299 2193 3355 sich
2244 3298 2348 3356 auf
2395 3264 2590 3371 CalpiO,

240 3372 335 3411 oea
383 3356 626 3425 reqimen
675 3372 862 3411 eorum
913 3360 1126 3412 teneret.
1202 3354 1364 3411 Doch
1470 3371 1633 3427 nicht,
1667 3371 1768 3426 auf
1800 3370 1996 3440 Hispo

241 3427 399 3481 steht
426 3426 570 3479 auch
609 3426 710 3481 das
748 3426 1101 3496 regelrechte
1128 3428 1365 3496 perinde
1545 3457 1595 3508 9
1633 3452 1909 3506 metuendi
1935 3449 2055 3509 3011„
2083 3450 2239 3505 faofi
2281 3481 2347 3490 ..-
2378 3456 2589 3520 Postre-

239 3512 405 3568 Μ’
462 3502 555 3565 ¹3
593 3502 662 3550 4⁷
717 3499 832 3553 und
885 3498 1123 3568 Pmmk
1186 3514 1255 3553 αθ
1313 3514 1366 3554 ⁸²
1472 3540 1620 3578 mum
1644 3522 1770 3578 sibi.
1827 3521 1904 3575 Es
1933 3521 2186 3590 geschah
2215 3524 2407 3593 spater
2433 3521 2598 3577 nicht

243 3572 502 3693 127460·
550 3639 632 3692 Im
661 3637 834 3693 ὕψη
861 3644 931 3693 27
952 3656 1006 3694 v
1028 3637 1154 3695 Chr·
1174 3656 1366 3694 waren
1474 3594 1681 3660 selten‚
1719 3591 1843 3648 dass
1881 3592 1973 3647 die
2010 3592 2315 3648 Delatoren
2350 3591 2597 3649 bestraft

240 3708 543 3764 sumt-liobe
591 3708 899 3765 Ptovinzen
950 3707 1011 3764 in
1063 3710 1201 3765 zwei
1249 3709 1367 3765 fast

276 3780 463 3835 leiche
512 3779 746 3835 Halften
789 3779 1018 3849 §.zxeteilt
1067 3780 1159 3836 die
1204 3797 1364 3836 sena·

299 3851 559 3916 rischen‚
632 3866 746 3905 von
808 3850 1161 3906 Prokonsuln
1229 3852 1365 3907 oder

1472 3665 1717 3719 wurden.

1547 3750 1631 3798 11.
1668 3744 2002 3799 inevitabile
2010 3745 2231 3812 crimen,
2259 3743 2595 3814 Apposition

1471 3833 1601 3872 zum
1636 3813 2025 3872 Infinitivsatz.

237 3922 619 3991 Propratoren
670 3923 996 3990 verwaltet‚
1054 3922 1206 3977 sind.
1270 3920 1362 3976 Bi·
1547 3900 1630 3951 ¹4·
1667 3895 1833 3950 “tam
1850 3921 1919 3941 ’Β
1938 3896 2201 3964 pomam*
2230 3911 2271 3948 ¹³·
2301 3911 2370 3947 ²¹¹
2397 3909 2484 3984 ῩΡ·
2506 3899 2590 3947 39·

235 3992 299 4048 th
339 3994 503 4061 nien,
550 3990 714 4059 Asia,
769 3992 936 4048 Creta
977 3993 1088 4048 mit
1132 3993 1361 4063 Cyrene,
1548 3981 1631 4030 1⁶·
1703 3981 1899 4059 ΝξΡΐαχ
1977 3974 2295 4029 Klawsssshss
2359 3970 2594 4026 Dlsshtel'

238 4062 287 4116 A
340 4011 1676 4133 ca‚Achaja,Macedonien‚111y-flagem
1711 4047 1992 4102 “Imaum
2025 4059 2287 4137 rssffmpewf

237 4135 386 4204 rien,
437 4134 741 4190 Sardinien
789 4134 906 4188 und
956 4135 1056 4189 das
1104 4134 1364 4190 batisohe
1547 4132 1630 4181 17.
1663 4128 1857 4196 palam
1882 4124 2189 4193 miindhoh,
2224 4120 2383 4177 mcht
2415 4123 2597 4177 durch

239 4205 506 4277 Spanien.
544 4206 653 4260 Die
673 4204 983 4262 Provinzen
1002 4207 1100 4262 des
1119 4206 1362 4275 Kaisers,
1470 4197 1753 4253 discessio.

236 4275 296 4332 in
346 4275 565 4334 welche
613 4274 799 4332 dieser
853 4277 938 4333 als
990 4277 1144 4333 seine
1195 4278 1361 4333 Stell-
1529 4283 1640 4333 ·19.
1715 4264 1869 4332 Uber
1922 4274 2019 4330 Cn.
2070 4271 2406 4344 Calpurnius
2459 4270 2595 4328 Piso
