2867 4625
334 61 466 128 208

331 226 667 291 carissima
703 245 966 288 suorum
997 221 1268 306 quisque
1296 220 1647 305 pignorum
1674 220 2041 304 proderent.
2087 240 2222 284 non
2243 218 2417 283 enim
2437 218 2661 282 omitte-

331 316 493 379 bant
528 314 829 378 Lucanus
868 332 1125 397 quoque
1163 313 1230 374 et
1265 307 1537 375 Senecio
1577 312 1645 374 et
1681 308 2073 385 Quintianus
2111 308 2356 394 passim
2394 307 2659 372 conscios

226 420 291 469 15
330 404 535 487 edere,
583 402 795 487 magis
832 401 1171 485 magisque
1206 399 1448 482 pavido
1484 397 1766 483 Nerone,
1813 419 2207 483 quamquam
2246 396 2662 480 multiplicatis

223 520 227 524 ·
331 491 619 558 excubiis
668 494 875 556 semet
922 488 1289 572 saepsisset.

218 583 306 649 58

226 1842 293 1889 15
331 1822 689 1888 referentis,

224 1914 308 1979 59

415 2802 499 2853 13.
549 2784 703 2851 Uber
738 2798 984 2866 piynora
1029 2815 1073 2851 s.
1120 2815 1188 2851 zu
1233 2797 1285 2850 K
1327 2840 1338 2851 .
1383 2803 1468 2854 36.

342 2899 410 2907 —
475 2884 590 2923 mm
653 2870 970 2923 omittebam
1040 2866 1223 2923 bildet
1283 2815 1471 2923 {ineu

343 2937 578 3009 Begriff3
620 2940 796 2994 daher
830 2939 985 2994 kann
1020 2955 1228 3009 quoque
1259 2939 1469 3010 folgen.

344 3009 417 3065 So
455 3012 553 3066 des
590 3010 967 3080 Gegensatzes
1003 3026 1201 3080 wegen
1239 3009 1351 3066 Cic.
1398 3010 1470 3065 de

345 3083 482 3137 orat.
525 3087 575 3149 2,
606 3086 673 3137 56
710 3087 762 3136 et
795 3097 910 3136 non
943 3082 1111 3135 huius
1145 3084 1228 3135 rei
1262 3097 1471 3152 quoque

336 3153 604 3222 palmam,
640 3158 705 3206 ut
731 3158 1046 3217 ceterarum,
1086 3150 1283 3206 Crasso
1316 3153 1469 3207 detu—

350 3224 489 3279 lisse.
556 3222 774 3276 Anders
810 3222 886 3276 ist
922 3237 1131 3290 quoque
1165 3238 1296 3289 non,
1331 3240 1476 3278 wor-

350 3294 489 3348 iiber
524 3293 641 3363 vgl.
680 3311 747 3346 zu
784 3298 837 3361 3,
877 3297 962 3347 54.

420 3369 504 3420 14.
529 3365 746 3433 passim
784 3364 875 3431 „in
903 3363 1159 3434 Menge“.
1209 3363 1339 3435 Vgl.
1368 3367 1474 3436 Kp.

346 3441 415 3489 46
455 3436 688 3504 naviyia
720 3437 934 3505 passim
971 3437 1289 3493 amiserunt.

420 3576 516 3632 58.
568 3583 617 3630 2.
665 3577 896 3632 volitare
942 3578 1049 3632 wie
1095 3584 1178 3646 13,
1219 3585 1267 3633 9.
1316 3585 1367 3647 2,
1406 3584 1473 3633 21

351 3649 466 3704 und
501 3647 595 3703 bei
634 3647 844 3703 Cicero,

422 3727 471 3775 4.
505 3720 812 3774 Ger-manis.
853 3719 1137 3774 Deutsche
1167 3721 1358 3775 Reiter
1384 3738 1481 3790 ge-

354 3792 554 3846 horten
590 3808 687 3844 zur
724 3790 1057 3845 Leibwache
1104 3790 1201 3845 des
1238 3791 1480 3849 Kaisers.

423 3867 474 3916 5.
512 3863 675 3931 quasi
708 3862 993 3930 bedeutet,
1031 3859 1153 3915 dass
1192 3862 1272 3917 sie
1310 3861 1482 3917 wirk-

358 3932 476 3986 lich
510 3933 748 3987 Fremde
785 3948 998 3998 waren,
1043 3927 1118 3994 ὡς
1154 3931 1353 3997 ξένοις.

426 4008 475 4055 6.
514 3992 666 4057 Uber
702 4005 802 4058 ubi
828 4003 935 4057 mit
970 4003 1099 4056 dem
1129 4003 1482 4074 Konjunktiv

358 4089 400 4125 s.
441 4090 508 4125 zu
545 4073 650 4142 ΚΡ.
690 4080 762 4128 44
802 4091 893 4127 am
929 4073 1103 4128 Ende.

430 4147 477 4196 ¹¹1.
518 4143 780 4198 laetatum
817 4147 897 4213 (in
934 4146 1033 4198 der
1058 4144 1368 4198 Handschr.
1399 4146 1480 4200 la-

356 4214 555 4280 tatum)
609 4214 685 4267 ist
730 4214 976 4270 Infinitiv
989 4257 1002 4284 ,
1057 4215 1219 4270 nicht
1275 4216 1478 4285 passiv,

991 57 1343 115 CORNELII
1378 57 1623 113 TACITI
1657 55 2053 112 ANNALIUM

508 580 683 657 Quin
720 583 788 644 et
822 578 1068 661 urbem,
1104 597 1221 661 per
1256 575 1631 659 manipulos
1670 575 2001 659 occupatis
2039 575 2401 658 moenibus,
2444 573 2661 639 insesso

328 669 525 734 etiam
571 668 738 734 mari
783 671 852 732 et
898 687 1115 750 amne,
1171 665 1349 729 velut
1394 666 1465 728 in
1510 664 1868 729 custodiam
1921 664 2117 729 dedit.
2200 663 2664 746 volitabantque

325 779 441 841 per
493 758 666 841 fora,
718 777 836 841 per
891 756 1145 839 domos,
1199 776 1353 818 rura
1409 774 1665 837 quoque
1723 756 1788 819 et
1842 753 2137 837 proxima
2190 752 2663 836 municipiorum

324 847 573 930 pedites
620 846 1015 930 equitesque,
1060 842 1361 927 permixti
1409 842 1771 926 Germanis,
1817 842 2053 927 quibus
2100 842 2348 907 fidebat
2392 841 2663 925 princeps

252 957 287 1005 5
326 935 513 1020 quasi
559 934 861 1000 externis.
952 932 1264 999 continua
1306 930 1459 996 hinc
1506 934 1574 996 et
1618 932 1837 996 vincta
1883 931 2150 1017 agmina
2194 930 2366 995 tradi
2415 951 2489 995 ac
2530 929 2662 995 fori-

324 1025 445 1089 bus
508 1024 852 1091 hortorum
907 1022 1223 1104 adiacere,
1290 1023 1485 1105 atque
1540 1020 1652 1085 ubi
1717 1021 2053 1086 dicendam
2109 1020 2191 1085 ad
2259 1041 2524 1086 causam
2580 1018 2663 1081 in-

319 1114 660 1197 troissent,
714 1113 1028 1178 laetatum
1074 1130 1231 1195 erga
1277 1110 1648 1175 coniuratos
1694 1113 1761 1175 et
1813 1110 2126 1175 fortuitus
2183 1131 2427 1193 serm0,
2485 1106 2657 1172 subiti

323 1223 644 1286 occursus,
692 1202 748 1266 si
786 1200 1174 1284 convivium,
1222 1198 1280 1263 si
1320 1199 1762 1281 spectaculum
1810 1199 2004 1265 simul
2049 1199 2348 1283 inissent,
2396 1219 2515 1282 pro
2555 1196 2651 1260 cri-

320 1291 494 1355 mine
541 1290 775 1374 accipi,
822 1312 969 1355 cum
1015 1309 1209 1371 super
1253 1286 1539 1354 Neronis
1586 1309 1661 1351 ac
1705 1286 2016 1373 Tigellini
2064 1309 2291 1353 saevas
2339 1288 2654 1371 perconta-

218 1398 284 1448 10
320 1379 536 1444 tiones
572 1378 855 1444 Faenius
903 1399 1155 1463 quoque
1192 1376 1401 1442 Rufus
1442 1375 1763 1441 violenter
1800 1380 2077 1462 urgeret,
2122 1377 2420 1442 nondum
2467 1375 2542 1441 ab
2581 1374 2657 1438 in·

323 1468 573 1533 dicibus
617 1468 1024 1550 nominatae,
1084 1468 1151 1531 et
1205 1487 1334 1550 quo
1388 1465 1588 1530 fidem
1641 1466 1939 1531 inscitiae
1991 1469 2284 1551 pararet,
2342 1468 2531 1530 atrox
2572 1462 2659 1527 ad·

322 1578 547 1622 versus
596 1558 823 1622 socios.
913 1555 1088 1620 idem
1136 1553 1369 1620 Subrio
1414 1552 1619 1619 Flavo
1675 1555 2019 1620 adsistenti
2074 1555 2546 1638 adnuentique,
2602 1574 2666 1616 an

323 1645 495 1710 inter
552 1646 765 1729 ipsam
812 1644 1251 1729 cognitionem
1306 1642 1740 1728 destringeret
1794 1644 2084 1729 gladium
2130 1645 2520 1727 caedemque
2575 1662 2662 1725 pa-

324 1737 552 1818 traret,
616 1734 832 1798 renuit
892 1732 1288 1818 infregitque
1351 1733 1666 1817 impetum
1725 1734 1857 1797 iam
1915 1755 2181 1798 manum
2242 1733 2324 1798 ad
2391 1732 2658 1817 capulum

506 1910 713 1976 Fuere
751 1911 861 1995 qui
894 1910 1158 1996 prodita
1195 1910 1658 1995 coniuratione,
1696 1911 1850 1975 dum
1892 1912 2152 1976 auditur
2179 1910 2506 1993 Milichus,
2541 1908 2664 1973 dum

331 2000 589 2065 dubitat
634 1998 1007 2084 Scaevinus,
1062 2000 1482 2064 hortarentur
1526 1998 1836 2065 Pisonem
1887 2020 2158 2085 pergere
2204 2001 2276 2064 in
2322 2005 2537 2065 castra
2576 2000 2662 2061 aut

330 2092 544 2155 rostra
581 2088 920 2154 escendere
959 2088 1301 2172 studiaque
1338 2088 1624 2153 militum
1665 2092 1729 2153 et
1764 2089 1992 2173 populi
2026 2092 2376 2173 temptare.
2424 2089 2478 2153 si
2505 2107 2661 2152 cona-

330 2178 507 2244 tibus
573 2178 709 2243 eius
774 2178 1018 2243 conscii
1084 2177 1620 2263 adgregarentur,
1698 2183 2032 2244 secuturos
2098 2178 2299 2243 etiam
2380 2177 2661 2260 integros;

261 2285 293 2334 5
333 2286 765 2353 magnamque
809 2269 1027 2332 motae
1073 2266 1168 2332 rei
1222 2266 1494 2350 famam,
1551 2287 1716 2351 quae
1773 2268 2127 2351 plurimum
2187 2267 2258 2332 in
2314 2266 2505 2333 novis
2545 2284 2661 2331 con·
2752 2281 2758 2387 ι

333 2357 495 2422 siliis
549 2357 812 2422 valeret.
901 2356 1065 2421 nihil
1121 2356 1464 2422 adversum
1519 2354 1682 2421 haec
1740 2354 1989 2421 Neroni
2055 2358 2413 2442 provisum.
2501 2355 2662 2418 etiam

331 2445 537 2511 fortes
603 2446 777 2510 viros
842 2445 1073 2510 subitis
1137 2446 1393 2528 terreri,
1467 2444 1709 2509 nedum
1771 2446 1880 2511 ille
1945 2446 2304 2528 scaenicus,
2377 2442 2659 2529 Tigellino

335 2535 585 2600 scilicet
648 2556 795 2599 cum
866 2533 1222 2618 paelicibus
1288 2534 1423 2599 suis
1491 2535 1874 2619 comitante,
1941 2556 2123 2600 arma
2186 2537 2419 2599 contra
2481 2532 2658 2598 cieret.

336 2623 544 2687 multa
590 2622 975 2706 experiendo
1023 2623 1304 2708 confieri,
1352 2644 1516 2708 quae
1564 2624 1873 2707 segnibus
1912 2624 2116 2688 ardua
2161 2623 2519 2707 videantur,
2559 2621 2662 2684 fru-

1581 2797 1823 2853 sondern
1889 2796 2051 2853 aktiv
2114 2816 2181 2852 zu
2242 2797 2452 2853 fassen:
2514 2793 2662 2866 „scine

1578 2866 1795 2923 Frende
1815 2867 2104 2939 geaussert
2124 2887 2192 2923 zu
2210 2869 2449 2925 haben“.
2485 2900 2542 2907 —
2570 2878 2668 2934 crya

1580 2940 1975 3010 ‚,gegen1'iber“
2015 2940 2122 2995 wie
2164 2946 2247 3008 11,
2287 2945 2375 2994 25.
2414 2946 2465 3007 4,
2505 2943 2579 3007 11,
2602 2940 2666 2988 2⁰·

1655 3016 1736 3066 14.
1793 3012 2025 3081 infregit
2081 3012 2342 3080 impetwm
2399 3006 2668 3079 entspricht

1579 3081 1689 3135 den
1716 3081 2067 3137 klassischen
2097 3082 2459 3152 Metaphern:
2495 3079 2661 3148 infr-tw

1578 3168 1699 3221 yere
1737 3158 2022 3221 conatum,
2060 3155 2273 3208 animos
2282 3194 2303 3223 ,
2338 3168 2502 3223 spem.

1599 3345 1604 3350 .
1657 3292 1754 3349 59.
1794 3301 1845 3349 2.
1883 3301 2068 3351 castra
2105 3295 2222 3350 scil.
2254 3295 2547 3364 praetoria.

1660 3370 1708 3421 7.
1757 3355 1910 3421 Uber
1964 3367 2164 3422 nedum
2211 3367 2359 3422 nach
2412 3362 2668 3436 positivam

1584 3436 1932 3505 Hauptsatze
1994 3457 2036 3493 s.
2093 3455 2161 3491 zu
2219 3443 2304 3504 13,
2342 3444 2411 3492 20
2456 3456 2504 3491 u.
2551 3428 2663 3488 Einl.

1657 3585 1706 3633 8.
1748 3580 1926 3633 cieret.
1964 3578 2092 3649 Vgl.
2132 3585 2184 3647 3,
2221 3585 2287 3633 41
2319 3593 2558 3649 puqnam
2585 3586 2664 3643 pro

1587 3649 1859 3705 Romanis
1905 3651 2064 3705 ciens.
2130 3649 2263 3707 hist.
2309 3657 2360 3721 3,
2396 3655 2460 3704 41
2502 3658 2665 3702 novum

1589 3722 1787 3776 bellum
1824 3723 1997 3776 cieret.
2050 3720 2124 3776 So
2159 3725 2345 3777 zuerst
2381 3721 2523 3790 Virg.
2556 3718 2663 3795 Am}-

1592 3798 1641 3859 1,
1678 3794 1781 3846 5‘41
1837 3793 1978 3847 bella
2024 3793 2193 3860 cient,
2239 3793 2389 3849 dann
2431 3789 2561 3846 auch
2595 3783 2665 3837 Ιιι-

1590 3862 1713 3917 vius
1752 3863 1868 3917 und
1904 3863 2174 3934 Vellejus.

1664 3940 1713 3988 9.
1775 3934 1889 3988 Das
1942 3934 2112 3989 meist
2167 3934 2525 3990 dichterische
2574 3922 2662 3981 und

1591 4004 2049 4060 nachklassische
2080 4007 2305 4075 confieri
2336 4005 2465 4076 (satt
2490 3996 2662 4067 confla)

1589 4077 1741 4131 steht
1785 4077 1931 4131 auch
1980 4077 2186 4132 einmal
2231 4077 2324 4132 bei
2370 4076 2512 4131 Caes,
2544 4070 2590 4124 b.
2620 4083 2660 4136 g·

1593 4153 1640 4214 7,
1680 4151 1748 4202 58
1786 4148 1902 4201 und
1939 4149 2088 4203 &fter
2122 4149 2182 4203 in
2220 4149 2328 4203 den
2354 4144 2555 4203 Briefen
2586 4139 2662 4193 der

1590 4218 1990 4288 Zeitgenossen
2030 4217 2265 4275 Ciceros.
