2867 4625
997 80 1218 137 LIBER
1251 81 1294 137 I.
1368 80 1524 138 CAP.
1554 87 1783 138 37—39.
2479 81 2566 148 65

220 242 626 310 exauctorari
660 244 774 329 qui
810 264 967 309 sena
1003 245 1171 310 dena
1207 244 1515 312 fecissent
1551 266 1627 310 ac
1663 244 1932 311 retineri
1968 245 2090 310 sub
2130 244 2367 310 vexillo
2406 247 2568 310 cete-

207 354 431 398 rorum
475 332 782 398 inmunes
826 333 956 398 nisi
993 333 1421 419 propulsandi
1453 332 1687 416 hostis,
1729 334 1953 419 legata
1998 354 2165 418 quae
2202 334 2570 419 petiverant

211 420 464 488 exsolvi
509 420 970 506 duplicarique.
2081 424 2088 428 ’

395 506 616 576 Sensit
643 510 832 575 miles
860 512 930 576 in
957 514 1216 593 tempus
1244 511 1524 578 conficta
1552 509 1900 595 statimque
1933 509 2279 597 flagitavit.
2344 510 2568 580 missio
2589 509 2672 577 37

210 619 332 683 per
354 596 657 662 tribunos
687 602 1073 682 maturatur,
1108 599 1372 685 largitio
1401 599 1818 665 differebatur
1845 600 1916 665 in
1941 599 2217 666 hiberna
2243 600 2571 684 cuiusque.

207 707 346 753 non
404 686 775 752 abscessere
830 687 1131 771 quintani
1183 688 1922 772 unetvicensimanique,
1982 686 2184 755 donec
2238 688 2446 754 isdem
2493 688 2570 754 in

206 774 485 842 aestivis
559 779 899 841 contracta
970 798 1050 842 ex
1122 776 1362 843 viatico
1437 778 1796 843 amicorum
1868 776 2204 861 ipsiusque
2268 774 2570 844 Caesaris

206 862 493 949 pecunia
518 863 1014 948 persolveretur.
1078 865 1360 950 primam
1396 887 1475 932 ac
1511 865 1930 932 vicensimam
1965 865 2260 950 legiones
2288 862 2570 934 Caecina
2606 880 2638 929 5

207 953 474 1037 legatus
519 953 588 1016 in
634 952 973 1026 civitatem
998 952 1320 1020 Ubiorum
1360 954 1638 1038 reduxit,
1681 954 1858 1038 turpi
1903 954 2187 1039 agmine,
2232 975 2379 1020 cum
2421 954 2567 1022 fisci

198 1039 287 1105 de
348 1040 745 1124 imperatore
799 1043 973 1126 rapti
1028 1043 1202 1107 inter
1257 1042 1447 1129 signa
1497 1042 1797 1127 interque
1851 1042 2107 1126 aquilas
2161 1042 2567 1112 veherentur.

200 1127 640 1195 Germanicus
695 1130 1098 1214 superiorem
1154 1130 1237 1196 ad
1291 1131 1649 1198 exercitum
1704 1130 2035 1215 profectus
2094 1130 2446 1198 secundam
2502 1135 2572 1196 et

199 1217 478 1283 tertiam
524 1218 862 1286 decumam
907 1222 976 1284 et
1019 1223 1271 1285 sextam
1317 1220 1657 1288 decumam
1694 1220 1986 1305 legiones
2021 1219 2191 1285 nihil
2231 1223 2569 1286 cunctatas

204 1309 628 1372 sacramento
665 1306 890 1393 adigit.
956 1308 1534 1393 quartadecumani
1559 1308 1831 1393 paulum
1858 1308 2343 1375 dubitaverant:
2381 1329 2571 1393 pecu-
2613 1326 2678 1374 10

206 1394 323 1462 nia
370 1399 440 1459 et
485 1395 713 1461 missio
759 1397 1058 1481 quamvis
1102 1419 1235 1463 non
1276 1396 1734 1484 flagitantibus
1781 1397 2005 1463 oblata
2052 1400 2172 1463 est.

395 1483 488 1549 At
519 1482 591 1547 in
627 1480 908 1552 Chaucis
945 1489 1328 1571 coeptavere
1365 1485 1754 1556 seditionem
1797 1485 2197 1570 praesidium
2243 1486 2572 1572 agitantes
2592 1487 2676 1554 38

208 1571 544 1637 vexillarii
601 1572 996 1640 discordium
1053 1576 1389 1661 legionum
1446 1578 1515 1642 et
1570 1574 1902 1659 praesenti
1960 1574 2233 1640 duorum
2281 1574 2575 1644 militum

207 1660 541 1745 supplicio
582 1663 855 1746 paulum
899 1664 1177 1748 repressi
1223 1667 1396 1731 sunt.
1466 1663 1748 1732 iusserat
1784 1662 1850 1728 id
1885 1661 1988 1729 Μ’.
2026 1662 2284 1730 Ennius
2327 1666 2579 1738 castro·

210 1770 366 1820 rum
433 1749 829 1834 praefectus,
901 1752 1076 1818 bono
1140 1752 1354 1840 magis
1417 1753 1716 1836 exemplo
1782 1774 1979 1836 quam
2043 1773 2353 1818 concesso
2417 1752 2575 1818 iure.

212 1836 454 1903 deinde
518 1837 988 1906 intumescente
1062 1844 1248 1910 motu
1319 1840 1635 1927 profugus
1708 1843 2160 1926 repertusque,
2231 1843 2580 1926 postquam
2618 1856 2650 1906 5

213 1926 480 1994 intutae
524 1926 843 2012 latebrae,
895 1929 1294 2014 praesidium
1338 1930 1422 1996 ab
1469 1929 1747 1995 audacia
1790 1932 2156 1996 mutuatur:
2209 1951 2345 1995 non
2397 1950 2580 2013 prae-

211 2013 470 2084 fectum
516 2015 600 2080 ab
646 2016 748 2097 iis,
795 2018 907 2082 sed
954 2017 1412 2086 Germanicum
1459 2018 1713 2097 ducem,
1761 2017 1874 2083 sed
1918 2016 2257 2084 Tiberium
2302 2018 2579 2101 impera-

209 2106 431 2170 torem
461 2103 712 2170 violari.
778 2107 972 2174 simul
1000 2107 1327 2174 exterritis
1366 2106 1480 2192 qui
1518 2106 1936 2191 obstiterant,
1970 2110 2232 2192 raptum
2267 2105 2580 2174 -vexillnm

208 2190 299 2257 ad
343 2193 560 2277 ripam
606 2193 830 2279 vertit,
884 2200 951 2261 et
997 2197 1054 2261 si
1099 2197 1245 2281 quis
1290 2195 1560 2283 agmine
1601 2194 2016 2277 decessisset,
2070 2216 2191 2280 pro
2249 2195 2579 2264 desertore

210 2280 359 2347 fore
407 2282 781 2368 clamitans,
826 2284 1084 2351 reduxit
1127 2286 1198 2351 in
1236 2285 1517 2361 hiberna
1560 2283 1859 2352 turbidos
1904 2287 1971 2351 et
2007 2282 2180 2350 nihil
2228 2305 2444 2353 ausos.
2616 2299 2683 2349 10

400 2370 661 2436 Interea
705 2372 908 2458 legati
953 2374 1038 2440 ab
1085 2379 1315 2445 senatu
1357 2396 1732 2461 regressum
1775 2373 1909 2438 iam
1951 2372 2128 2457 apud
2166 2394 2349 2438 aram
2377 2371 2576 2439 Ubio·
2597 2372 2682 2438 39

246 2576 247 2579 =
286 2549 375 2598 11.
412 2559 546 2600 seua
580 2547 741 2614 dena,
779 2547 885 2603 wie
914 2547 1004 2605 bis
1032 2548 1208 2607 dahin
1231 2566 1340 2607 nur
1448 2547 1950 2619 Regimentskasse
2003 2545 2346 2616 deponieren
2398 2543 2582 2612 din-fe,

207 2613 308 2671 die
354 2612 733 2674 Pretorianer.
806 2617 940 2674 Was
985 2620 1340 2677 exauctorari
1452 2619 1634 2675 damit
1671 2619 1763 2673 die
1790 2617 2202 2673 Befehlshaber
2236 2615 2401 2671 nicht
2435 2614 2579 2670 uber

207 2700 292 2740 an
326 2701 559 2741 unserer
595 2687 772 2744 Stelle
805 2689 1102 2761 bedentet,
1141 2692 1339 2762 zeigen
1450 2707 1521 2744 zu
1608 2688 1794 2760 grosse
1882 2686 2217 2743 Geldmittel
2302 2685 2578 2758 verfligen

210 2756 311 2812 die
347 2755 652 2826 folgenden
686 2759 903 2816 Worte.
1450 2761 1725 2816 konnten.
2523 2795 2530 2800 -

286 2833 379 2882 12.
416 2828 610 2897 leyata.
658 2830 821 2886 Naoh
857 2850 944 2902 cp.
975 2838 1008 2888 8
1050 2849 1232 2888 waren
1259 2833 1339 2888 im
1518 2832 1617 2888 38.
1659 2838 1706 2887 1.
1746 2829 1984 2897 Chauci,
2019 2831 2100 2885 im
2134 2829 2405 2900 heutigen
2444 2828 2579 2884 Ost-

209 2897 582 2955 'l'estamente
645 2901 747 2956 des
800 2901 1090 2972 Augustus
1148 2904 1340 2972 jedem
1446 2902 1742 2971 friesland‚
1797 2903 2076 2957 zwischen
2132 2901 2233 2956 der
2276 2901 2412 2956 Ems
2453 2901 2584 2955 'und

212 2968 494 3026 Soldaten
534 2969 900 3028 dreihundert
931 2975 1178 3031 Sesterze
1222 2991 1343 3031 ver·
1454 2972 1670 3029 Weser.

210 3040 427 3096 macht.
1006 3040 1009 3045 ’
1526 3049 1577 3098 2.
1624 3029 1777 3098 Uber
1828 3043 2111 3100 vexillarii
2153 3059 2199 3098 s.
2239 3059 2327 3111 cp.
2367 3048 2454 3096 17.
2513 3072 2581 3082 —

288 3116 380 3165 13.
445 3112 713 3169 exsolvere
772 3113 836 3169 in
897 3114 1113 3172 diesem
1175 3115 1346 3173 Sinne
1453 3116 1663 3172 discors
1697 3114 1823 3169 hier
1857 3113 2283 3182 ‚,meuterisch“‚
2322 3113 2428 3168 wie
2464 3113 2582 3168 dis-

210 3182 396 3239 schon
431 3180 527 3237 bei
551 3182 808 3253 Plautus,
842 3188 992 3242 auch
1015 3187 1108 3243 bei
1137 3186 1347 3244 Cicero.
1456 3187 1684 3242 cordare
1719 3186 1945 3241 militem
1983 3191 2035 3253 3,
2062 3191 2146 3240 40.

285 3251 392 3309 87.
434 3258 488 3309 4.
534 3255 729 3324 mici,
765 3256 858 3311 die
897 3256 1054 3313 Suite
1091 3258 1229 3313 oder
1262 3275 1348 3314 co-
1527 3263 1577 3312 4.
1652 3257 1907 3326 exmplo.
1981 3255 2056 3310 Er
2126 3255 2423 3310 statuierte
2487 3253 2583 3308 ein

213 3322 354 3380 hors
384 3325 687 3382 amicorum
733 3327 831 3382 des
869 3328 1202 3399 Feldherrn,
1248 3330 1349 3384 der
1456 3328 1755 3398 Exempel,
1810 3325 2072 3381 wiewohl
2126 3341 2188 3379 er
2242 3325 2327 3379 als
2373 3324 2581 3393 Lagei·-

218 3392 356 3451 hier
393 3393 596 3451 Caesar
630 3400 882 3466 genennt
915 3400 1074 3467 wird‚
1110 3400 1219 3455 πίε
1257 3416 1343 3470 cp.
1455 3398 1684 3469 prafekt
1712 3397 1870 3452 nicht
1893 3397 1994 3452 das
2013 3397 2197 3452 Recht
2228 3394 2373 3450 dazu
2400 3394 2579 3463 hatte,

218 3470 308 3521 31.
352 3471 438 3520 35.
479 3470 563 3520 39.
601 3472 686 3522 41.
726 3474 812 3524 44.
868 3469 1092 3527 Ebenso
1129 3471 1342 3526 Drusus
1456 3470 1605 3524 denn
1657 3467 2015 3523 Todesstrafe
2069 3467 2253 3521 durfte
2311 3467 2426 3520 erat
2482 3466 2581 3522 der

217 3552 308 3606 cp.
340 3541 428 3590 25.
468 3542 553 3591 27.
1454 3540 1707 3609 Legatus
1742 3555 1844 3609 pro
1881 3540 2159 3620 praetore·
2184 3538 2524 3607 ver-haugen.

294 3611 347 3661 ’1.
383 3624 580 3677 rapere
604 3611 690 3675 de,
716 3610 823 3666 πίε
851 3612 983 3667 hist.
1013 3619 1064 3680 3,
1095 3616 1165 3668 68
1201 3614 1350 3668 exire
1530 3618 1577 3666 5.
1630 3611 2041 3676 intumescente,
2090 3625 2197 3664 wie
2242 3608 2374 3664 hist.
2412 3612 2475 3676 4,
2524 3613 2589 3664 19

219 3677 288 3734 de
325 3678 573 3748 imperio.
630 3679 849 3737 Cicero:
885 3684 1096 3753 eripere
1130 3684 1197 3738 de
1234 3700 1350 3738 ma·
1456 3683 1765 3737 intumuere
1810 3682 2000 3736 statim
2045 3681 2308 3748 superbia
2358 3679 2591 3746 ferocia·

222 3749 412 3815 nibus,
447 3750 514 3805 de
539 3754 791 3808 convivio
818 3754 1083 3823 abripere.
1116 3784 1183 3795 —
1211 3752 1348 3808 Dass
1458 3769 1576 3822 que.
1613 3757 1666 3820 2,
1681 3758 1751 3809 32
1781 3753 2044 3820 quoniam
2075 3749 2298 3809 Galliae
2324 3755 2586 3807 tumeant.

218 3819 368 3890 jetzt
394 3821 543 3876 auch
571 3822 681 3879 den
708 3823 868 3879 nicht
885 3823 1355 3895 Opponierenden
1461 3822 1726 3878 Dieselbe
1763 3821 2061 3892 Metapher
2104 3823 2209 3878 hat
2243 3822 2434 3878 Livius
2471 3820 2590 3876 und

224 3890 330 3946 das
392 3889 573 3962 Legat
620 3895 965 3964 vausgezahlt
1027 3894 1184 3951 ward
1201 3938 1216 3964 ,
1278 3895 1357 3951 ist
1464 3894 1564 3949 der
1592 3893 1833 3964 jungere
1869 3893 2104 3949 Plinius.

224 3960 385 4017 nicht
431 3964 712 4035 erwabnt,
768 3965 904 4021 aber
946 3967 1099 4022 wohl
1155 3966 1356 4022 selbst·
1540 3971 1625 4020 10.
1661 3970 1714 4020 et
1750 3964 1891 4020 statt
1925 3966 2034 4031 sed,
2072 3981 2114 4018 s.
2147 3982 2216 4018 zu
2241 3979 2329 4032 cp.
2353 3968 2435 4017 13.
2475 3967 2598 4017 tur·

226 4033 626 4091 vontandlioh.
693 4067 762 4077 -
829 4038 977 4094 inter
1040 4039 1204 4108 siqua
1267 4043 1356 4093 ott.
1467 4037 1631 4092 bidus
1681 4037 1827 4091 statt
1874 4036 2249 4099 turbulentus,
2302 4033 2595 4089 seditiosus

229 4101 392 4158 Nach
447 4102 686 4163 Suetons
741 4106 972 4164 Bericht
1033 4108 1359 4165 bestimmte
1467 4106 1546 4160 ist
1572 4106 1908 4174 nachklass.‚
1937 4107 2073 4162 aber
2099 4104 2195 4160 bei
2228 4103 2359 4159 Tac.
2377 4103 2589 4173 haufig.

242 4176 431 4243 apator
465 4173 780 4247 Domitian,
820 4176 952 4235 'dats
990 4179 1125 4235 kain
1162 4178 1361 4235 soldat
1469 4166 1621 4232 Uber
1657 4184 1708 4233 et
1742 4179 1888 4231 mm
1924 4196 1966 4231 a.
1997 4193 2064 4230 zu
2100 4183 2151 4243 e,
2184 4179 2272 4228 46.

242 4245 405 4301 mehr
469 4246 555 4300 als
613 4253 751 4304 1000
807 4249 1056 4307 Sesterze
1113 4250 1208 4307 bei
1262 4250 1363 4305 der
1541 4247 1639 4305 39.
1682 4254 1730 4303 1.
1769 4237 1921 4303 Uber
1956 4263 2114 4302 aram
2149 4264 2190 4300 s.
2224 4262 2292 4298 zu
2331 4259 2416 4313 cp.
2447 4248 2535 4300 36.

343 4345 716 4390 wammam
2139 4341 2170 4388 ὅ
