2867 4625
332 57 465 123 234
503 84 510 91 ·

221 222 313 289 25

979 57 1326 114 CORNELII
1362 60 1612 116 ΤΑοιΤι
1645 27 2045 116 ANNA'LIUM

509 220 676 287 Tum
713 221 1004 287 Thrasea
1043 222 1214 288 inter
1257 222 1591 306 proximos
1637 223 2049 309 consultavit,
2093 228 2534 309 temptaretne
2580 224 2675 289 de·

327 310 690 377 sensionem
737 332 823 375 an
870 314 1217 395 sperneret.
1299 310 1553 378 diversa
1588 313 1859 378 consilia
1896 275 2366 380 adferebantur.
2444 314 2676 398 quibus

329 400 564 465 intrari
608 400 856 466 curiam
900 400 1224 485 placebat,
1269 421 1532 467 securos
1579 423 1719 467 esse
1766 403 1845 468 de
1891 403 2260 468 constantia
2306 403 2440 467 eius
2478 402 2677 468 disse-
2786 433 2787 470 ι

329 493 508 573 runt3
562 488 733 554 nihil
787 489 1110 554 dicturum
1159 489 1290 554 nisi
1335 511 1463 574 quo
1511 491 1788 577 gloriam
1834 495 2129 577 augeret3
2186 511 2413 576 segnes
2457 494 2537 556 et
2580 514 2679 575 pa-
2786 517 2787 574 ᾗ

259 596 294 644 5
330 578 516 644 vidos
573 578 893 663 supremis
951 578 1084 643 suis
1139 581 1457 644 secretum
1513 580 1928 645 circumdare.
2031 581 2345 665 aspiceret
2394 581 2680 665 populus
2786 579 2787 636 Ῠ

328 669 538 733 virum
602 668 800 734 morti
857 667 1149 751 obvium,
1214 667 1469 733 audiret
1523 672 1811 734 senatus
1842 690 2035 734 voces
2091 670 2276 755 quasi
2328 691 2405 740 ex
2456 670 2678 755 aliquo

328 755 594 821 numine
650 778 846 840 supra
900 756 1246 822 humanas.
1302 779 1495 841 posse
1550 759 1696 843 ipso
1751 758 2065 824 miraculo
2113 758 2308 824 etiam
2349 757 2681 824 Neronem

328 846 707 930 permoveri.
797 846 899 910 sin
945 845 1316 911 crudelitati
1359 846 1718 929 insisteret,
1775 846 2090 932 distingui
2135 852 2307 913 certe
2351 848 2529 932 apud
2577 870 2682 933 po-

330 938 539 1001 steros
583 934 964 1001 memoriam
1013 934 1270 1000 honesti
1308 936 1519 1001 exitus
1557 936 1641 1001 ab
1687 936 1954 1021 ignavia
1999 957 2115 1020 per
2160 936 2492 1002 silentium
2543 959 2681 1022 per-

225 1040 292 1090 10
328 1023 640 1088 euntium.

219 1113 308 1179 26

507 1110 754 1178 Contra
798 1112 909 1198 qui
955 1113 1416 1196 opperiendum
1464 1112 1683 1179 domui
1729 1115 2108 1197 censebant,
2163 1114 2241 1180 de
2284 1114 2425 1198 ipso
2473 1114 2680 1179 Thra-

331 1222 443 1266 sea
487 1202 734 1286 eadem,
783 1200 894 1267 sed
939 1201 1223 1267 ludibria
1268 1205 1337 1267 et
1379 1204 1801 1268 contumelias
1846 1202 2215 1269 imminere:
2271 1203 2684 1269 subtraheret

330 1312 518 1356 aures
555 1290 864 1356 conviciis
904 1293 969 1355 et
1003 1291 1277 1375 probris.
1350 1312 1486 1357 non
1524 1292 1733 1357 solum
1773 1290 2232 1358 Cossutianum
2269 1295 2385 1357 aut
2407 1291 2684 1377 Eprium

328 1378 413 1444 ad
457 1380 668 1446 scelus
714 1383 1081 1464 promptos:
1128 1401 1467 1463 superesse
1504 1381 1615 1465 qui
1651 1381 1932 1447 forsitan
1968 1403 2200 1446 manus
2236 1382 2540 1467 ictusque
2576 1404 2686 1467 per

255 1483 290 1534 5
327 1467 803 1535 immanitatem
858 1469 1179 1554 ingesturi
1244 1470 1401 1554 sint3
1457 1470 1656 1535 etiam
1700 1471 1907 1536 bonos
1953 1474 2134 1536 metu
2179 1471 2380 1555 sequi.
2471 1471 2684 1536 detra·

325 1557 513 1623 heret
565 1558 784 1642 potius
842 1558 1122 1642 senatui,
1176 1579 1367 1643 quem
1410 1559 1917 1643 perornavisset,
1971 1559 2309 1625 infamiam
2351 1561 2532 1624 tanti
2581 1561 2684 1626 fla-

327 1645 503 1731 gitii,
556 1651 625 1711 et
666 1647 1063 1732 relinqueret
1117 1648 1436 1712 incertum
1484 1647 1637 1733 quid
1685 1648 1823 1714 viso
1870 1647 2160 1714 Thrasea
2204 1671 2314 1714 reo
2361 1648 2686 1715 decreturi

324 1738 547 1818 patres
592 1735 852 1801 fuerint.
944 1739 1017 1800 ut
1060 1733 1387 1801 Neronem
1442 1736 1840 1822 flagitiorum
1884 1737 2095 1821 pudor
2139 1740 2427 1822 caperet,
2483 1738 2684 1804 inrita
2788 1761 2789 1808 3

328 1845 441 1907 spe
505 1824 768 1926 agitari3
828 1824 1163 1908 multoque
1229 1826 1441 1929 magis
1495 1825 1860 1892 timendum
1912 1848 1996 1891 ne
2049 1827 2120 1892 in
2174 1826 2555 1913 coniugem,
2618 1829 2682 1893 in
2788 1835 2789 1862 ³

219 1929 288 1979 ιο
324 1911 558 1996 filiam,
612 1913 682 1977 in
737 1917 953 1979 cetera
1004 1914 1285 1999 pignora
1337 1916 1475 1980 eius
1533 1916 1828 1981 saeviret.
1916 1916 2190 2000 proinde
2238 1916 2680 2002 intemeratus

326 2001 711 2087 inpollutus‚
767 2024 1039 2087 quorum
1093 2003 1389 2088 vestigiis
1446 2007 1513 2069 et
1567 2004 1803 2069 studiis
1857 2005 2059 2069 vitam
2115 2004 2399 2090 duxerit,
2455 2028 2676 2073 eorum

326 2090 540 2174 gloria
592 2095 846 2195 peteret
897 2093 1109 2157 finem.
1202 2092 1430 2158 aderat
1482 2093 1755 2159 consilio
1801 2092 2110 2159 Rusticus
2156 2092 2520 2179 Arulenus,
2576 2096 2675 2161 fla-

324 2197 526 2262 grans
589 2181 867 2264 iuvenis,
930 2184 997 2246 et
1051 2181 1353 2265 cupidine
1408 2181 1621 2248 laudis
1677 2182 1991 2249 offerebat
2045 2204 2115 2247 se
2169 2184 2677 2249 intercessurum

323 2270 588 2336 senatus
643 2270 967 2355 consulto3
1023 2291 1177 2336 nam
1231 2270 1407 2356 plebi
1462 2271 1766 2337 tribunus
1819 2275 1976 2338 erat.
2067 2272 2364 2339 cohibuit
2410 2274 2674 2359 spiritus

393 2458 489 2517 25.
548 2467 596 2519 5.
644 2463 985 2518 circumdare
1028 2463 1089 2518 ιιι
1127 2464 1446 2533 tropischer

321 2532 653 2604 Bedeutung
696 2534 802 2589 wie
843 2539 1034 2601 14,15
1074 2535 1207 2604 plue
1255 2536 1444 2591 libidi-

316 2621 455 2658 omm
480 2605 850 2660 circumdedit.
894 2611 962 2661 53
989 2608 1326 2676 qratiam—
1347 2625 1444 2678 pe-

318 2677 560 2732 cuniam.
604 2676 732 2732 hist.
763 2682 815 2745 4,
843 2681 911 2731 45
941 2678 1235 2746 planctum
1270 2684 1321 2734 et
1357 2680 1444 2733 la-

319 2751 500 2801 menta
572 2753 624 2802 et
689 2764 1064 2817 supremorum
1105 2750 1443 2820 imaqim’m,

319 2816 437 2872 und
473 2817 633 2874 oster.

393 2912 441 2962 8.
489 2908 738 2963 insistere
785 2909 927 2963 statt
962 2914 1215 2979 perstare
1258 2912 1323 2965 in
1364 2927 1441 2978 re,

320 2977 427 3031 wie
456 2984 506 3043 2,
528 2984 594 3033 21
624 2980 936 3034 insisterent
963 2981 1234 3036 caedibus.
1278 2988 1329 3052 4,
1353 2988 1439 3040 60.

317 3046 451 3103 hist.
490 3055 549 3118 2,
578 3055 648 3105 46
685 3052 827 3121 spei,
863 3051 981 3104 und
1018 3051 1180 3107 oster.

391 3144 440 3191 9.
479 3139 722 3208 iqnavia.
759 3138 1107 3209 Vgl.Kp.16
1133 3146 1246 3196 tam
1262 3143 1439 3212 sequi·-

316 3213 399 3263 τοι·
428 3216 729 3277 Ρενειννιιεε.

387 3350 556 3406 26.1.
577 3351 782 3419 domui,
803 3352 934 3406 sehr
952 3351 1166 3409 seltene
1179 3353 1436 3410 Schreib-

315 3423 409 3477 art
445 3421 588 3476 statt
621 3422 783 3478 domi.

386 3516 437 3565 4.
494 3527 693 3566 mamus
745 3511 1074 3569 bezeichnet
1116 3514 1205 3595 ‘im
1260 3515 1379 3585 allg
1380 3531 1435 3570 e-

313 3581 538 3637 meinen
556 3581 1029 3654 Thatlichkeiten,
1058 3583 1165 3641 wie
1188 3586 1431 3655 Drohen,

313 3651 1000 3722 Angreifen,Sch1'itteln.
1064 3669 1076 3679 ·

387 3747 436 3795 5.
494 3742 764 3812 inqestwn‘
817 3743 932 3797 sint
982 3744 1061 3800 ist
1115 3745 1242 3801 eine
1296 3746 1433 3802 Ver·

315 3812 625 3896 besserung
680 3828 791 3868 von
837 3813 1100 3871 Heinsius
1148 3820 1288 3873 statt
1332 3818 1433 3873 des

315 3881 701 3939 handschnftl.
740 3887 977 3968 anqusti.

314 3959 453 4076 ..ἐξ
456 3955 1196 4085 Ρῖἕέἒῖῒι.ι“ἓὲἕὲἓὲῗ
1224 3959 1434 4086 ..Z-„iffi

313 4090 396 4146 im
432 4092 763 4163 Spatlatein.
830 4097 879 4151 D
956 4115 1098 4181 egen
1130 4101 1285 4155 steht
1301 4118 1432 4170 per-

314 4169 545 4219 ornatus
580 4166 755 4221 sehon
788 4167 882 4222 bei
961 4169 1031 4224 ic.
1064 4170 1217 4226 Brut
1247 4177 1295 4238 5.
1328 4178 1431 4229 158

315 4227 475 4285 als*
435 4252 535 4287 απ.
575 4233 674 4305 sto.
712 4236 790 4291 im
827 4236 1040 4295 Latein.

1624 2470 1675 2521 8.
1738 2471 1828 2533 ut,
1884 2484 1996 2521 von
2048 2481 2142 2535 spe
2193 2465 2519 2550 ὃδιιέιιςις,
2575 2468 2674 2521 wie

1553 2536 1727 2590 schon
1757 2536 1870 2592 Cic.
1900 2535 2052 2591 Lael.
2089 2542 2135 2603 5.
2168 2542 2234 2593 68
2270 2538 2323 2592 si
2356 2553 2514 2607 spem
2547 2539 2672 2606 affe-

1551 2614 1688 2662 rwnt
1722 2613 1801 2662 ut.

1624 2701 1708 2753 10.
1755 2697 1935 2751 Unter
1976 2699 2216 2767 pignora
2254 2696 2384 2752 sind
2421 2697 2671 2769 sonstige

1548 2767 1888 2822 Verwandte
1924 2785 1990 2823 zu
2026 2768 2340 2824 verstehen.
2413 2768 2548 2838 Vgl.
2589 2775 2671 2837 15,

1551 2845 1618 2894 36
1646 2841 1912 2908 proxima
1937 2841 2202 2924 pignosa.
2276 2845 2344 2895 57
2384 2842 2676 2896 carissima

1546 2927 1772 2965 suorum
1809 2912 2037 2982 quisque
2061 2913 2380 2981 piynorum.

1623 3005 1706 3053 11.
1772 2998 1882 3054 Mit
1942 3015 2172 3083 quorum
2226 3002 2323 3055 ott.
2392 3000 2524 3055 sind
2587 3000 2675 3055 die

1549 3070 1775 3126 Stoiker
1818 3070 2091 3140 gemeint,
2137 3071 2353 3126 welche
2396 3071 2510 3125 den
2548 3070 2675 3126 frei-

1550 3141 1798 3211 willigen
1834 3141 1958 3196 Tod
2003 3142 2289 3222 bedingun
2330 3143 2536 3198 sweise
2577 3160 2669 3214 ge·
2790 3160 2792 3217 g

1549 3213 1847 3279 statteten,
1891 3213 2038 3267 nach
2083 3211 2192 3268 Dio
2341 3215 2483 3269 aert.
2539 3219 2670 3298 7,1,
2790 3244 2792 3255 ·

1549 3290 1618 3339 66
1667 3252 1925 3369 ευλόγως
1961 3284 2155 3368 φασιν
2187 3230 2411 3372 ῗξάξειν
2462 3280 2672 3340 ἑαυτὸν

1545 3355 1646 3409 τοῦ
1699 3356 1824 3428 βίου
1869 3350 1970 3409 τὸν
2018 3349 2202 3424 σοφὸν
2245 3356 2343 3409 καὶ
2381 3350 2533 3444 ὑπὲρ
2570 3375 2672 3410 πα-

1544 3427 1732 3496 τρίδος
1805 3425 1903 3480 καὶ
1965 3420 2114 3496 ὑπὲρ
2178 3428 2359 3515 φίλων
2427 3447 2543 3481 καν
2611 3422 2671 3481 ἔν

1546 3495 1888 3585 σκληροτέρᾳ
1924 3497 2158 3585 γένηται
2195 3492 2537 3586 ἀλγηδόνι
2501 3519 2537 3568 η
2567 3518 2668 3567 πη·

1544 3563 1780 3638 ρῶσεσιν
1816 3563 1852 3637 ἢ
1891 3564 2082 3631 νόσοις
2117 3564 2388 3633 ἀνιάτοις.

1618 3663 1700 3712 12.
1749 3656 2026 3712 Arulenus
2061 3657 2352 3726 Rusticus,
2390 3657 2471 3712 im
2510 3658 2561 3714 J.
2602 3662 2670 3712 69

1540 3729 1766 3796 Prator,
1831 3727 1989 3782 ward
2052 3745 2165 3784 von
2218 3727 2511 3783 Domitian
2575 3744 2672 3799 ge·

1540 3803 1715 3868 totet,
1778 3797 1908 3854 weil
1968 3816 2029 3854 er
2083 3799 2193 3855 den
2244 3798 2497 3855 Thrasea
2552 3798 2670 3854 und

1540 3870 1833 3927 Helvidius
1877 3869 2098 3925 Priscus
2145 3870 2206 3925 in
2252 3870 2408 3927 einer
2452 3870 2671 3926 Solu-ist

1541 3943 1739 4013 gelobt
1789 3940 1906 3996 und
1960 3940 2041 3997 sie
2095 3944 2468 3997 sanctissimos
2519 3944 2672 3997 viros

1541 4015 1789 4083 genannt
1824 4013 2001 4068 hatte.
2075 4012 2227 4069 Suet.
2265 4013 2431 4068 Dom.
2472 4019 2558 4068 10.
2596 4042 2668 4054 -

1540 4083 1670 4139 Wie
1706 4086 1955 4154 flagrans
1988 4085 2136 4139 ohne
2162 4083 2397 4140 Ablativ
2432 4100 2503 4139 zu
2539 4100 2665 4140 ver-

1540 4156 1736 4211 stehen
1772 4155 1865 4222 ist,
1900 4154 2052 4226 zeigt
2082 4157 2198 4211 erst
2224 4154 2326 4210 das
2351 4155 2664 4226 Folgende.

1612 4250 1698 4301 14.
1746 4241 1860 4300 Der
1894 4244 2065 4300 Dativ
2107 4243 2256 4314 plebi
2290 4244 2369 4300 ist
2404 4244 2568 4300 nicht
2601 4242 2666 4297 in
