2867 4625
966 113 1190 169 LIBER
1225 113 1321 172 III.
1378 113 1534 172 CAP.
1564 119 1793 171 51—54.

236 279 503 344 virorum
565 278 941 343 inlustrium
1005 281 1328 362 posceret,
1401 282 1734 362 postremo
1799 278 2050 345 litteras
2116 279 2199 345 ad
2273 282 2573 346 senatum
2611 296 2676 347 16

2442 115 2567 182 181

236 368 610 451 composuit,
657 389 932 452 quarum
980 367 1305 432 sententia
1350 367 1421 431 in
1465 367 1640 433 hunc
1685 367 1949 433 modum
1993 367 2137 434 fuit.

396 454 663 521 ‘Ceteris
707 456 989 522 forsitan
1031 455 1101 520 in
1145 455 1367 539 rebus,
1422 459 1642 540 patres
1689 457 2066 541 conscripti,
2124 457 2338 544 magis
2385 479 2572 543 expe-
2590 458 2678 525 53

236 544 361 610 diat
415 567 514 610 me
573 567 795 612 coram
850 545 1242 631 interrogari
1299 549 1363 609 et
1417 544 1627 610 dicere
1683 545 1836 630 quid
1893 568 1928 611 e
1981 568 2052 611 re
2107 546 2371 631 publica
2425 568 2570 613 cen-

235 656 425 700 seam:
486 635 558 699 in
601 634 727 700 hac
771 633 1094 700 relatione
1141 633 1443 699 subtrahi
1489 635 1710 700 oculos
1757 657 1938 700 meos
1983 635 2217 700 melius
2272 634 2430 719 fuit,
2489 658 2571 701 ne

234 723 672 790 denotantibus
738 723 925 789 vobis
990 743 1107 788 ora
1169 745 1245 788 ac
1307 726 1556 788 metum
1620 723 2055 810 singulorum,
2117 724 2230 809 qui
2289 724 2572 808 pudendi

232 813 409 878 luxus
464 815 917 898 arguerentur,
974 813 1115 897 ipse
1172 814 1371 877 etiam
1423 812 1711 878 viderem
1767 834 1878 878 eos
1936 834 2011 878 ac
2065 814 2248 879 velut
2303 812 2569 897 depren·
2608 829 2642 880 5

232 901 453 968 derem.
543 901 717 987 quod
764 901 821 966 si
866 922 1121 967 mecum
1177 903 1330 966 ante
1384 901 1508 966 viri
1563 902 1840 980 strenui,
1895 901 2166 984 aediles,
2223 903 2572 968 consilium

227 990 624 1073 habuissent,
681 990 899 1056 nescio
960 1012 1045 1055 an
1105 1011 1415 1055 suasurus
1471 990 1708 1055 fuerim
1763 989 2062 1056 omittere
2118 991 2341 1076 potius
2386 1013 2571 1075 prae-

230 1080 437 1144 valida
482 1083 549 1144 et
593 1079 815 1145 adulta
859 1079 1025 1145 vitia
1071 1101 1266 1165 quam
1311 1077 1436 1144 hoc
1483 1078 1752 1164 adsequi
1794 1082 1870 1157 ut
1911 1080 2130 1164 palam
2187 1079 2374 1145 fieret
2428 1079 2573 1166 qui-

231 1168 344 1233 bus
395 1168 664 1254 flagitiis
719 1169 1001 1253 impares
1059 1188 1366 1233 essemus.

233 1261 391 1339 sunt,
435 1261 513 1323 ut
559 1260 806 1324 ceteros
853 1279 1110 1343 quoque
1156 1257 1581 1344 magistratus
1629 1279 1747 1322 sua
1784 1257 2009 1323 munia
2043 1258 2314 1342 implere
2349 1257 2574 1323 velim:
2612 1275 2681 1325 10

1457 1167 1571 1232 sed
1627 1168 1727 1233 illi
1784 1168 2073 1252 quidem,
2101 1168 2315 1233 officio
2363 1167 2575 1233 functi

232 1346 385 1410 mihi
420 1349 638 1412 autem
690 1368 900 1433 neque
950 1345 1295 1412 honestum
1342 1346 1536 1412 silere
1581 1368 1791 1432 neque
1834 1346 2142 1433 proloqui
2187 1346 2575 1432 expeditum,

239 1435 382 1519 quia
440 1458 581 1501 non
641 1436 869 1502 aedilis
934 1439 1050 1500 aut
1106 1436 1427 1520 praetoris
1488 1439 1605 1501 aut
1664 1435 1951 1501 consulis
2005 1436 2212 1521 partis
2270 1436 2575 1502 sustineO.

231 1526 434 1590 maius
483 1524 728 1610 aliquid
776 1529 843 1590 et
890 1524 1203 1589 excelsius
1252 1547 1291 1590 a
1335 1525 1627 1610 principe
1671 1525 2071 1609 postulatur3
2118 1529 2185 1590 et
2221 1546 2365 1591 cum
2402 1527 2576 1589 recte

232 1614 546 1680 factorum
595 1613 722 1679 sibi
769 1614 1043 1699 quisque
1090 1614 1373 1699 gratiam
1416 1613 1710 1698 trahant,
1767 1614 1960 1679 unius
2014 1614 2262 1679 invidia
2307 1617 2390 1679 ab
2438 1634 2575 1678 om-

229 1703 413 1769 nibus
471 1705 789 1788 peccatur.
883 1702 1036 1786 quid
1092 1702 1267 1767 enim
1311 1703 1595 1786 primum
1641 1703 1984 1786 prohibere
2031 1707 2098 1768 et
2147 1704 2435 1787 priscum
2492 1702 2574 1767 ad
2616 1713 2679 1764 16

232 1815 471 1858 morem
517 1791 801 1857 recidere
857 1790 1247 1874 adgrediar?
1318 1791 1707 1856 villarumne
1752 1791 2011 1856 infinita
2057 1791 2314 1876 spatia?
2388 1790 2575 1857 fami-

230 1881 462 1947 liarum
510 1902 848 1947 numerum
893 1883 962 1945 'et
1005 1880 1352 1945 nationes?
1429 1880 1687 1965 argenti
1735 1883 1801 1945 et
1845 1881 1987 1946 auri
2031 1880 2333 1965 pondus?
2407 1880 2577 1945 aeris

231 1971 724 2056 tabularumque
788 1968 1149 2034 miracula?
1259 1969 1620 2054 promiscas
1683 1969 1843 2035 viris
1910 1973 1975 2034 et
2035 1968 2298 2035 feminis
2363 1973 2577 2035 vestes

233 2063 417 2145 atque
477 2060 595 2124 illa
650 2059 1038 2124 feminarum
1097 2058 1389 2143 propria,
1451 2058 1595 2144 quis
1654 2057 1945 2144 lapidum
2008 2078 2205 2124 causa
2261 2058 2576 2142 pecuniae

231 2155 488 2214 nostrae
538 2148 620 2212 ad
666 2151 969 2213 externas
1017 2150 1133 2212 aut
1176 2147 1440 2212 hostilis
1486 2149 1740 2248 gentes
1763 2145 2290 2212 transferuntur?

2243 2324 2416 2389 idem
2476 2323 2576 2388 illi

235 2415 559 2481 civitatem
595 2416 781 2499 verti,
828 2413 1350 2499 splendidissimo
1387 2413 1616 2498 cuique
1656 2413 1925 2479 exitium
1970 2375 2207 2498 parari,
2250 2413 2577 2477 neminem

235 2504 518 2569 criminis
548 2507 878 2589 expertem
916 2502 1365 2568 clamitabunt.
1428 2502 1614 2587 atqui
1657 2524 1739 2567 ne
1777 2503 2067 2587 corporis
2113 2500 2371 2586 quidem
2409 2522 2577 2565 mor·

234 2592 344 2658 bos
398 2596 654 2659 veteres
712 2596 778 2657 et
832 2592 942 2656 diu
988 2595 1211 2657 auctos
1265 2591 1394 2655 nisi
1453 2612 1571 2676 per
1630 2590 1792 2656 dura
1847 2596 1915 2656 et
1966 2612 2199 2675 aspera
2252 2595 2578 2672 coerceas3
2615 2603 2648 2654 5

236 2685 575 2756 corruptus
634 2680 828 2746 simul
875 2683 941 2745 et
985 2683 1354 2765 corruptor,
1401 2700 1605 2765 ⁴aeger
1660 2683 1725 2744 et
1768 2679 2054 2765 flagrans
2102 2679 2358 2743 animus
2403 2677 2579 2743 haud

234 2770 585 2836 levioribus
626 2769 931 2835 remediis
964 2769 1461 2855 restinguendus
1495 2771 1594 2833 est
1627 2790 1821 2853 quam
1862 2767 2242 2833 libidinibus
2281 2766 2579 2832 ardescit.

298 2963 393 3018 53.
431 2970 487 3018 4.
526 2961 933 3028 denotantibus,
970 2959 1219 3016 namlich
1247 2962 1355 3015 mit

238 3034 340 3089 den
373 3032 598 3104 Augen.
674 3030 787 3088 Cic.
826 3030 988 3086 Catil.
1032 3037 1088 3100 1,
1129 3040 1156 3087 1
1196 3038 1355 3087 notat

237 3110 284 3159 et
316 3106 573 3175 desiynat
607 3105 782 3159 oculis
814 3105 891 3159 ad
918 3104 1130 3158 caedem
1155 3120 1354 3159 unum-

236 3192 492 3246 quemque
527 3181 791 3231 nostrum.

310 3270 360 3320 ’1.
435 3264 671 3319 suadere
743 3262 851 3318 mit
914 3263 1042 3317 dem
1106 3263 1354 3319 Infinitiv

234 3333 403 3390 findet
457 3334 582 3390 sich
632 3335 748 3389 erst
795 3333 859 3388 in
907 3334 1017 3388 den
1067 3334 1352 3389 Annalen.

238 3410 327 3473 13,
364 3413 452 3462 37.
496 3410 589 3472 15,
627 3410 713 3459 63.
755 3410 848 3473 16,
886 3410 938 3459 9.
1014 3404 1200 3460 Schon
1241 3404 1353 3461 Cic.

237 3475 299 3531 de
333 3494 413 3531 or.
461 3483 488 3530 1
536 3482 584 3542 ς.
623 3482 727 3530 251
783 3492 939 3531 nemo
993 3476 1233 3531 suaserit
1285 3506 1353 3517 —

236 3547 522 3604 elaborare.

305 3641 386 3694 14.
424 3637 537 3690 sibi
572 3636 837 3703 trahere,
842 3633 982 3704 ‚sich
1019 3635 1352 3705 aneignen‘2

238 3707 376 3761 auch
411 3708 470 3762 h.
511 3713 571 3774 3,
610 3712 710 3771 33,
745 3707 850 3761 wie
892 3712 950 3775 1,
990 3712 1022 3760 2
1060 3708 1257 3761 munia
1292 3708 1357 3762 in

238 3791 288 3832 se
337 3779 568 3833 trahere.
649 3747 884 3833 ffberall
943 3778 1150 3846 selten‚
1208 3776 1356 3833 doch

239 3847 462 3904 ahnlich
497 3849 674 3904 schon
710 3847 829 3903 Liv.
870 3856 919 3917 6,
957 3854 1027 3903 40
1063 3849 1178 3904 ‘nisi
1213 3866 1354 3920 par-

239 3922 335 3974 tem
359 3921 596 3990 petendo
631 3925 804 3975 totum
841 3921 1093 3976 traxeris.

308 4013 390 4063 17.
441 4009 719 4076 nationes,
774 4008 864 4063 die
915 4007 1355 4064 verschiedenen

241 4075 462 4148 Volker,
490 4096 604 4136 von
632 4079 813 4134 denen
840 4078 933 4135 die
955 4080 1200 4135 Sklaven
1227 4080 1357 4135 her--

242 4150 554 4206 stammten.
587 4155 672 4219 14,
683 4155 754 4205 44
772 4153 1025 4206 nationes
1041 4152 1106 4205 in
1121 4151 1356 4218 familiis

241 4218 506 4289 habemus,
519 4222 721 4291 quibus
734 4223 940 4277 diversi
953 4223 1115 4287 ritus,
1129 4227 1355 4277 externa

241 4304 397 4346 sacra
422 4265 519 4348 au’t
545 4293 710 4348 nulla
736 4299 885 4349 sumt.
940 4291 1046 4346 Die
1076 4291 1216 4347 Zahl
1254 4291 1353 4347 der

1464 2960 1715 3016 Sklaven
1762 2959 1944 3018 belief
1986 2959 2107 3015 sich
2154 2960 2251 3015 bei
2302 2960 2581 3014 manchen

1463 3031 1750 3088 Besitzern
1787 3032 1888 3086 auf
1920 3032 2176 3086 mehrere
2212 3029 2523 3086 Tausende.

1538 3116 1620 3166 18.
1687 3112 2099 3181 promiscas—
2135 3115 2314 3166 vestes.
2388 3111 2579 3164 Unan-

1463 3181 1694 3253 standig
1718 3182 1809 3237 fiir
1826 3181 2062 3237 Manner
2079 3198 2267 3237 waren
2295 3199 2364 3235 zu
2392 3180 2581 3235 dflnne

1465 3253 1620 3323 (halb
1649 3201 2090 3324 durchsichtige)
2118 3252 2234 3307 und
2267 3251 2581 3307 auffallend

1463 3323 1723 3395 gefarbte
1760 3324 2004 3380 Kleider.

1539 3409 1621 3457 19.
1661 3405 1928 3473 lapidum.
2001 3403 2116 3458 Der
2151 3403 2328 3458 altere
2366 3400 2580 3456 Plinius

1463 3475 1671 3530 taxiert
1708 3475 1797 3529 die
1837 3475 2185 3544 Smaragden
2227 3474 2344 3528 und
2379 3473 2580 3528 Perlen

1464 3545 1564 3599 der
1583 3545 1770 3601 Lollia
1798 3545 2036 3601 Paulina
2063 3546 2164 3601 auf
2189 3551 2261 3601 40
2287 3542 2582 3600 Millionen

1465 3616 1717 3672 Sesterze
1752 3618 1868 3671 und
1905 3618 2231 3688 behauptet‚
2271 3615 2395 3670 dass
2425 3616 2584 3686 j-ahr

1464 3685 1581 3742 lich
1612 3691 1714 3742 100
1741 3688 2033 3743 Millionen
2069 3688 2159 3743 ffir
2185 3634 2584 3742 L’uxusartikel

1463 3757 1610 3813 nach
1646 3759 1775 3814 dem
1812 3758 2009 3815 Orient
2043 3759 2269 3831 gingen.

1536 3845 1704 3902 54.3
1672 3854 1721 3902 3.
1768 3849 1910 3903 verti
1944 3850 2087 3904 statt
2122 3849 2314 3914 everti,
2349 3846 2456 3901 wie
2494 3862 2580 3914 cp.

1464 3924 1550 3974 36.
1591 3925 1642 3987 2,
1670 3924 1739 3973 42
1776 3918 1894 3974 und
1931 3919 2089 3974 efter.

1534 4004 1586 4053 4.
1634 4001 1793 4068 atqui
1837 4000 1940 4053 hat
1983 3999 2112 4054 Tac.
2150 4015 2257 4051 nur
2301 3996 2423 4050 hier
2466 3995 2583 4050 und

1463 4071 1596 4139 Agr.
1628 4076 1697 4210 3)Ο
1727 4071 1896 4141 (nach
1923 4069 2276 4135 Vermutung
2307 4068 2406 4121 des
2434 4064 2582 4121 Rhe-

1462 4157 1642 4197 nanus
1670 4184 1683 4198 .

1538 4226 1586 4275 7.
1625 4222 1901 4276 ardescere
1930 4219 2071 4273 statt
2087 4217 2429 4273 exardescere
2448 4216 2586 4271 oder

1464 4292 1687 4358 ardere;
1724 4310 1766 4346 s.
1796 4309 1862 4345 zu
1900 4307 1986 4358 cp.
2017 4294 2098 4343 17.

2612 2160 2683 2211 20

399 2236 464 2303 N
467 2259 542 2303 ec
585 2237 818 2323 ignoro
855 2236 925 2300 in
973 2235 1285 2302 conviviis
1325 2239 1391 2300 et
1426 2235 1684 2300 circulis
1720 2234 2004 2301 incusari
2040 2236 2170 2300 ista
2207 2237 2275 2299 et
2309 2233 2574 2299 modum
2595 2232 2683 2298 54

232 2327 439 2411 posci3
503 2327 615 2391 sed
671 2327 729 2392 si
784 2326 930 2411 quis
996 2326 1211 2412 legem
1269 2324 1551 2409 sanciat,
1606 2346 1852 2410 poenas
1907 2325 2185 2409 indicat,
