2867 4625
14 6 33 9 -
60 4 331 9 m——ss
360 4 423 7 νην
460 2 557 13 -—--

962 90 1184 148 LIBER.
1217 90 1288 148 11.
1362 89 1519 148 CAP.
1558 96 1788 147 ss-ss
2431 88 2562 155 115

211 253 582 321 clarissimo
656 254 886 338 cuique
955 254 1176 338 plures
1249 274 1472 338 curas,
1543 252 1794 319 maiora
1863 252 2151 337 pericula
2214 252 2566 337 subeunda,

211 342 675 410 delenimentis
728 363 1030 408 curarum
1076 348 1143 406 et
1184 342 1620 426 periculorum
1666 342 2013 408 carendum
2060 363 2218 407 esse.
2305 342 2565 407 facilem

215 432 567 499 adsensum
612 432 801 496 Gallo
849 432 970 496 sub
1016 431 1389 496 nominibus
1443 430 1736 496 honestis
1783 431 2103 496 confessio
2149 432 2456 496 vitiorum
2502 436 2569 495 et

214 520 578 587 similitudo
624 520 1025 586 audientium
1069 519 1264 587 dedit.
1336 520 1664 586 adiecerat
1702 523 1768 585 et
1800 519 2097 585 Tiberius
2131 541 2268 586 non
2300 520 2369 585 id
2402 523 2565 585 tem·
2603 538 2673 588 20

210 633 336 695 pus
388 630 696 675 censurae
740 630 882 690 nec,
928 609 985 674 si
1020 608 1175 694 quid
1209 609 1281 673 in
1316 608 1608 674 moribus
1644 608 1916 694 labaret,
1962 608 2337 674 defuturum
2374 608 2568 675 corri-

213 699 418 784 gendi
464 701 813 764 auctorem.
1836 741 1842 748 -

395 787 578 852 Inter
624 808 789 871 quae
833 783 906 854 L.
949 785 1101 852 Piso
1149 785 1469 852 ambitum
1515 785 1661 869 fori,
1706 789 2013 871 corrupta
2055 784 2312 865 iudicia,
2359 787 2563 851 saevi·
2585 788 2675 853 34

212 877 382 942 tiam
440 878 776 941 oratorum
831 875 1274 941 accusationes
1327 874 1769 940 minitantium
1827 875 2196 959 increpanS,
2256 875 2437 940 abire
2496 896 2566 940 se

214 970 285 1030 et
330 965 558 1031 cedere
614 965 802 1050 urbe,
856 964 1181 1030 victurum
1237 963 1307 1028 in
1362 964 1581 1049 aliquo
1638 963 1863 1028 abdito
1909 967 1975 1028 et
2017 963 2374 1049 longinquo
2419 985 2567 1029 rure

211 1054 620 1138 testabatur3
668 1052 861 1118 simul
906 1052 1153 1118 curiam
1198 1052 1624 1137 relinquebat.
1699 1055 2061 1118 commotus
2108 1055 2208 1117 est
2251 1051 2569 1136 Tiberius,

217 1148 288 1208 et
328 1164 722 1228 quamquam
758 1141 1027 1206 mitibus
1066 1141 1281 1206 verbis
1318 1140 1626 1206 Pisonem
1662 1141 2131 1225 permulsisset,
2164 1142 2565 1227 propinquos
2604 1159 2637 1209 5

215 1253 477 1318 quoque
542 1233 680 1296 eius
753 1230 1018 1314 impulit
1079 1234 1155 1294 ut
1219 1230 1565 1295 abeuntem
1638 1230 2024 1296 auctoritate
2093 1231 2197 1295 vel
2268 1231 2569 1315 precibus

214 1323 536 1386 tenerent.
622 1319 798 1384 haud
855 1318 1070 1390 minus
1128 1318 1321 1384 liberi
1379 1319 1620 1385 doloris
1683 1317 2137 1384 documentum
2189 1318 2363 1385 idem
2417 1318 2568 1385 Piso

215 1431 373 1474 mox
419 1409 597 1473 dedit
642 1412 873 1473 vocata
916 1408 988 1472 in
1021 1408 1126 1472 ius
1166 1405 1544 1494 Urgulania,
1589 1428 1784 1493 quam
1834 1429 2034 1492 supra
2066 1409 2244 1494 leges
2283 1408 2570 1474 amicitia

214 1499 559 1583 Augustae
587 1497 924 1562 extulerat.
989 1517 1112 1562 nec
1140 1501 1255 1561 aut
1278 1495 1649 1582 Urgulania
1678 1497 2171 1582 obtemperavit,
2208 1496 2279 1561 in
2307 1497 2569 1562 domum

217 1585 523 1653 Caesaris
583 1590 800 1670 spreto
861 1584 1099 1650 Pisone
1159 1588 1371 1665 vecta,
1435 1592 1550 1650 aut
1603 1584 1717 1651 ille
1771 1585 2111 1669 abscessit,
2176 1607 2567 1670 quamquam
2609 1603 2674 1652 10

213 1676 529 1762 Augusta
574 1695 643 1738 se
689 1674 922 1739 violari
968 1678 1034 1738 et
1076 1673 1378 1738 imminui
1423 1676 1817 1758 quereretur.
1908 1673 2206 1739 Tiberius
2253 1674 2567 1740 hactenus

214 1764 557 1849 indulgere
587 1763 784 1828 matri
819 1762 1010 1828 civile
1046 1766 1248 1847 ratUS,
1284 1767 1360 1827 ut
1397 1784 1469 1827 se
1503 1763 1749 1828 iturum
1785 1763 1866 1828 ad
1901 1761 2220 1847 praetoris
2258 1764 2568 1847 tribunal,

216 1853 598 1918 adfuturum
642 1850 1043 1937 Urgulaniae
1089 1850 1359 1935 diceret,
1412 1851 1733 1936 processit
1777 1850 2060 1934 Palatio,
2113 1853 2341 1936 procul
2387 1855 2568 1938 sequi

215 1941 419 2007 iussis
491 1939 826 2006 militibus.
918 1941 1334 2025 spectabatur
1407 1945 1784 2005 occursante
1854 1941 2096 2026 populo
2169 1943 2567 2026 compositus

218 2052 335 2096 ore
377 2033 442 2094 et
479 2029 882 2095 sermonibus
920 2030 1120 2094 variis
1156 2030 1416 2113 tempus
1455 2033 1652 2113 atque
1697 2029 1825 2094 iter
1870 2030 2127 2113 ducem,
2172 2029 2374 2096 donec
2419 2052 2565 2116 pro·
2608 2046 2674 2096 15

216 2118 488 2205 pinquis
515 2118 822 2184 Pisonem
849 2118 1095 2184 frustra
1132 2118 1572 2183 coercentibus
1611 2117 1845 2182 deferri
1875 2120 2176 2204 Augusta
2209 2121 2568 2204 pecuniam,

220 2229 392 2294 quae
444 2207 816 2292 petebatur,
869 2207 1136 2273 iuberet.
1227 2206 1411 2291 isque
1464 2206 1613 2272 finis
1669 2208 1793 2291 rei,
1847 2229 1924 2273 ex
1980 2229 2108 2291 qua
2160 2228 2368 2292 neque
2413 2208 2567 2274 Piso

220 2297 552 2384 inglorius
619 2299 686 2362 et
748 2294 988 2362 Caesar
1051 2296 1293 2362 maiore
1357 2295 1538 2362 fama
1598 2295 1744 2362 fuit.
1835 2299 2121 2363 ceterum
2170 2295 2567 2381 Urgulaniae

216 2387 517 2471 potentia
571 2386 729 2452 adeo
780 2385 985 2451 nimia
1039 2385 1294 2451 civitati
1341 2390 1506 2466 erat,
1561 2389 1638 2451 ut
1678 2388 1866 2450 testis
1911 2386 1984 2451 in
2029 2407 2225 2451 causa
2268 2387 2567 2471 quadam,

220 2497 390 2562 quae
435 2474 609 2559 apud
654 2478 950 2540 senatum
1004 2473 1437 2558 tractabatur,
1492 2474 1712 2539 venire
1766 2474 2236 2559 dedignaretur.
2327 2475 2564 2540 missus
2603 2491 2674 2540 20

221 2569 326 2630 est
382 2566 666 2649 praetor,
720 2563 834 2648 qui
880 2562 1056 2628 domi
1101 2563 1565 2649 interrogaret,
1620 2584 1765 2628 cum
1818 2563 2102 2649 virgines
2149 2562 2451 2629 Vestales
2496 2563 2565 2628 in

219 2653 367 2719 foro
426 2656 494 2716 et
549 2651 787 2717 iudicio
847 2652 1083 2736 audiri,
1141 2652 1444 2736 quotiens
1501 2651 1950 2717 testimonium
2006 2651 2317 2736 dicerent,
2375 2656 2564 2719 vetus

219 2763 367 2807 mos
411 2741 626 2806 fuerit.

401 2829 532 2895 Res
580 2851 656 2895 eo
703 2850 875 2895 anno
911 2829 1201 2914 prolatas
1235 2827 1410 2893 haud
1446 2827 1774 2912 referrem,
1817 2829 1889 2893 ni
1926 2829 2206 2913 pretium
2242 2829 2412 2896 foret
2449 2828 2563 2898 On.
2584 2830 2672 2897 35

218 2919 484 2985 Pisonis
542 2922 608 2983 et
660 2916 877 2983 Asinii
933 2915 1109 2982 Galli
1165 2937 1360 3001 super
1413 2938 1492 2984 eo
1544 2918 1807 3003 negotio
1863 2917 2148 2983 diversas
2211 2920 2566 2984 sententias

298 3064 385 3114 19.
431 3058 535 3113 sub
579 3073 720 3113 nom.
756 3058 881 3113 hon.
917 3056 1067 3110 nach
1104 3054 1241 3111 Sall.
1276 3054 1345 3110 fr.
1454 3053 1614 3125 lativ,
1652 3055 1758 3111 wie
1796 3056 1979 3123 abire,
2013 3071 2400 3127 prorumpere,
2442 3073 2568 3128 pro-

216 3135 401 3273 11)ὴέίῖ
435 3128 674 3255 533„ae
718 3129 935 3184 honesto
971 3131 1204 3222 pamm
1247 3131 1348 3182 aut
1453 3143 1632 3267 mes,
1655 3128 1963 3197 depromere
1996 3127 2110 3182 und
2148 3126 2262 3197 dgl.
2335 3127 2465 3198 Vgl.
2501 3147 2569 3183 ιιι

297 3278 386 3327 22.
461 3276 749 3327 auctorem.
825 3267 904 3322 Er
975 3269 1154 3324 meint
1225 3266 1347 3322 sich
1527 3273 1612 3323 14.
1646 3269 1929 3324 militibus.
1971 3273 2019 3337 1,
2042 3275 2071 3324 ’1
2099 3270 2253 3325 miles
2277 3269 2343 3323 iu
2367 3270 2571 3339 forum,

224 3343 420 3400 selbst.
1453 3341 1606 3394 miles
1640 3341 1704 3395 in
1739 3341 1955 3395 curiam
1989 3341 2367 3396 comitabatur.

295 3414 396 3469 84.
439 3421 485 3468 1.
514 3413 753 3469 ambitus
777 3411 894 3479 fori
918 3409 996 3465 ist
1013 3409 1345 3466 Parteilieh-
1527 3416 1614 3468 20.
1650 3411 1945 3481 dedignari
1970 3410 2050 3465 ist
2076 3409 2418 3466 dichterisch
2451 3411 2567 3466 und

226 3484 353 3542 keit
388 3485 489 3540 der
524 3484 768 3539 Richter.
1452 3481 1902 3548 nachklassisch,
1965 3481 2070 3536 mit
2132 3482 2259 3537 dem
2323 3481 2566 3537 Infinitiv

297 3563 350 3611 2.
406 3557 562 3611 abire
613 3554 728 3610 und
781 3555 962 3609 cedere
1024 3553 1189 3623 (statt
1247 3550 1347 3606 des
1455 3555 1571 3607 erst
1608 3551 1717 3607 seit
1752 3552 1912 3608 ovid.

224 3628 554 3696 Futurums)
600 3642 711 3680 von
754 3623 911 3679 einer
959 3626 1104 3679 nahe
1149 3624 1346 3678 bevor·
1524 3628 1611 3678 22.
1648 3611 1802 3678 Uber
1837 3624 2084 3693 quotiens
2118 3623 2226 3679 mit
2262 3624 2393 3680 dem
2418 3624 2566 3680 Kon-

228 3697 541 3753 stehenden
582 3696 905 3766 Handlung.
978 3693 1139 3750 Auch
1190 3696 1350 3748 sonst
1446 3693 1676 3763 junktiv
1713 3711 1756 3749 s.
1787 3693 1931 3751 Einl.
1961 3699 2010 3760 §-
2039 3699 2125 3749 88.

228 3767 666 3834 vorkommend‚
704 3767 811 3821 wie
852 3772 945 3835 14,
985 3770 1053 3819 14
1088 3770 1348 3834 ratusque
1524 3764 1619 3819 35.
1638 3772 1686 3820 1.
1704 3781 1790 3820 res
1873 3766 2170 3833 oferrewar
2186 3766 2282 3820 der
2296 3765 2565 3821 stehende

227 3841 461 3897 dedecus
497 3840 721 3902 molliri,
756 3838 810 3893 si
834 3838 1028 3907 plures
1062 3837 1345 3903 foedasset.
1451 3835 1749 3890 Ausdruck
1795 3782 1888 3891 gr
1943 3835 2033 3890 die
2083 3837 2415 3906 Vertagung
2468 3837 2567 3890 der

227 3911 362 3983 Agr.
402 3917 436 3966 9
486 3912 778 3967 comitante
821 3910 1078 3978 opinione
1112 3907 1346 3962 Britan·
1455 3905 1816 3962 offentlichen
1879 3906 2352 3977 Verbandlungen
2366 3949 2382 3975 ‚
2450 3924 2565 3963 was

226 3985 383 4038 niam
420 3982 472 4037 ei
506 3981 857 4051 provinciam
893 3980 1038 4036 dari.
1112 3976 1256 4034 vell.
1294 3981 1346 4044 2,
1454 3977 1577 4032 hier
1609 3996 1677 4032 ιιι
1714 3979 2119 4047 ungewohnter
2147 3978 2271 4033 Zeit
2297 3979 2444 4033 trotz
2471 3994 2566 4032 an·

232 4060 261 4108 1
275 4096 292 4123 ,
337 4060 370 4109 5
422 4070 580 4124 quem
631 4053 722 4107 illi
772 4051 1007 4121 recipere
1066 4066 1123 4104 se
1183 4064 1347 4118 mya-
1454 4049 1730 4118 gesetzter
1765 4048 2023 4104 Termine
2059 4049 2335 4103 eintreten
2384 4046 2564 4104 sollte.

229 4130 440 4181 verunt.
490 4122 632 4180 Sehr
666 4121 847 4178 selten
889 4121 977 4177 bei
1004 4118 1196 4177 Cicero
1230 4119 1344 4173 und
1456 4150 1523 4160 —
1572 4109 1722 4175 Uber
1843 4122 2010 4175 etium
2062 4125 2139 4174 est
2194 4135 2236 4174 s.
2275 4137 2343 4174 zu
2385 4126 2439 4188 1,
2478 4125 2564 4174 57.

232 4198 422 4253 Casan
1456 4222 1520 4230 —
1560 4176 1710 4247 Uber
1792 4209 1843 4245 n.
1884 4189 2213 4260 Calpurnius
2249 4190 2379 4245 Piso
2418 4208 2458 4246 s.
2497 4207 2566 4244 ιιι

307 4274 388 4323 13.
437 4266 730 4338 procedere
780 4264 888 4321 mit
936 4261 1179 4318 blossem
1231 4262 1343 4316 Ab·
1457 4267 1513 4330 1,
1553 4265 1636 4317 13.

2067 4348 2140 4399 8*
