2867 4625
975 107 1198 164 LIBER
1223 108 1264 166 1.
1340 107 1495 166 CAP.
1535 114 1766 164 26-29.
2461 107 2550 173 59

201 275 332 342 ictu
380 276 683 338 cruentus
731 275 798 337 et
843 271 1023 337 exitii
1080 274 1298 337 certus
1344 272 1618 338 adcursu
1674 271 2135 356 multitudinis,
2182 292 2345 355 quae
2400 293 2547 337 cum
2571 286 2637 336 10

202 361 414 427 Druso
450 361 824 444 advenerat,
867 364 1203 445 protectus
1240 364 1362 426 est.

370 450 652 516 Noctem
716 449 1034 515 minacem
1109 453 1176 514 et
1240 450 1308 515 in
1366 450 1577 514 scelus
1646 453 2021 535 erupturam
2084 448 2223 514 fors
2286 448 2546 514 lenivit:
2567 458 2653 524 28

196 563 346 606 nam
395 540 557 605 luna
600 541 776 605 claro
823 543 1088 625 repente
1124 539 1304 604 caelo
1341 539 1488 603 visa
1523 540 1998 625 languescere„
2010 537 2078 602 id
2116 538 2306 603 miles
2342 538 2545 604 ratio-

196 631 296 695 nis
359 629 628 715 ignarus
694 649 885 693 omen
940 628 1386 713 praesentium
1432 627 1716 711 accepit,
1770 627 1904 692 suis
1959 626 2296 693 laboribus
2343 625 2549 692 defec-

194 719 289 784 tio
337 717 442 783 em
492 718 718 783 sideris
762 717 1690 803 adsimulansrprospereque·
1716 737 1975 795 cessura
2010 736 2176 800 quae
2222 720 2549 801 pararent,

190 807 248 873 si
387 828 513 893 gor
535 811 626 872 xet
669 794 987 886 claritudo
1036 806 1192 872 deae
1229 806 1621 871 redderetur.
1692 804 1896 891 igitur
1932 806 2102 870 aeris
2139 826 2321 889 sono,
2355 805 2541 871 tuba·
2565 828 2599 880 5

188 919 329 962 rum
377 917 817 982 cornuumque
862 898 1181 961 concentu
1239 898 1554 979 strepere;
1612 897 1809 979 prout
1863 893 2262 978 splendidior
2317 894 2546 992 obsep-

187 986 424 1068 riorm,
472 985 707 1050 laetari
755 991 875 1049 aut
916 1005 1230 1068 maerere,
1276 988 1345 1050 et
1396 988 1750 1069 postquam
1793 986 1977 1048 ortae
2024 983 2228 1048 nubes
2275 984 2546 1060 offecere

191 1074 354 1139 visui
400 1074 851 1160 creditumque
888 1073 1219 1160 conditam
1254 1073 1560 1151 tenebris,
1596 1076 1671 1137 ut
1706 1075 1859 1137 sunt
1892 1071 2169 1164 mobiles
2207 1071 2289 1137 ad
2328 1093 2549 1157 super-

193 1164 532 1229 stitionem
564 1155 1148 1252 ‘perculsaegsemel
1196 1165 1468 1246 mentes,
1506 1161 1633 1227 sibi
1678 1165 2013 1226 aeternum
2059 1161 2351 1226 laborem
2391 1182 2545 1246 por·

185 1253 379 1331 tendi,
400 1275 553 1317 -sua
596 1251 886 1317 facinora
931 1251 1217 1317 aversari
1266 1252 1422 1317 deos
1469 1251 1926 1317 lamentantur.
2005 1248 2315 1318 utendum
2360 1249 2541 1316 incli-
2566 1263 2631 1313 10

187 1342 455 1407 natione
506 1363 582 1405 ea
626 1339 868 1407 Caesar
915 1344 983 1406 et
1028 1362 1193 1426 quae
1240 1362 1429 1405 casus
1476 1333 1806 1406 obtulerat
1848 1341 1920 1405 in
1965 1338 2355 1424 sapientiam
2399 1360 2545 1404 ver-

182 1431 378 1496 tenda
422 1434 610 1495 ratus
656 1430 983 1496 circumiri
1025 1431 1311 1495 tentoria
1354 1429 1569 1512 iubet3
1615 1429 1864 1494 accitur
1907 1429 2200 1493 centurio
2239 1425 2542 1493 Clemens

186 1522 251 1584 et
292 1521 349 1585 si
397 1520 517 1585 alii
560 1519 753 1584 bonis
798 1519 1050 1584 artibus
1099 1520 1271 1605 grati
1330 1518 1400 1582 in
1446 1518 1704 1603 vulgus.
1802 1517 1873 1581 hi
1917 1517 2190 1604 vigiliis,
2247 1517 2545 1583 stationi-

186 1610 325 1693 buS,
389 1609 708 1675 custodiis
771 1611 1106 1693 portarum
1161 1629 1231 1672 se
1278 1608 1614 1692 inserunt„
1676 1613 1858 1691 spem
1914 1606 2228 1690 offerunt,
2296 1609 2541 1671 metum

185 1699 550 1763 intendunt.
651 1696 1007 1783 ‘quousque
1061 1697 1272 1786 filium
1331 1696 1747 1780 imperatoris
1803 1689 2249 1760 obsidebimus
2268 1694 2303 1759 ?
2396 1695 2542 1780 quis
2560 1706 2627 1758 15

181 1786 618 1852 certaminum
661 1786 810 1851 finis
829 1785 863 1850 ⁴?
933 1784 1377 1852 Percennione
1424 1788 1492 1849 et
1520 1784 1851 1850 Vibuleno
1897 1787 2377 1850 sacramentum
2413 1785 2543 1849 dic·

181 1877 307 1941 turi
343 1875 623 1941 sumus?
685 1874 1076 1940 Percennius
1114 1879 1180 1940 et
1208 1874 1572 1939 Vibulenus
1610 1873 1936 1957 stipendia
1969 1873 2311 1958 militibus,
2347 1893 2542 1959 agros

180 1965 478 2030 emeritis
514 1963 923 2049 largientur?
973 1964 1251 2049 denique
1285 1985 1406 2048 pro
1432 1961 1807 2029 Neronibus
1837 1967 1904 2028 et
1930 1961 2163 2028 Drusis
2201 1962 2543 2046 imperium

183 2054 404 2139 populi
435 2053 723 2119 Romani
752 2053 1140 2137 capessent?
1216 2054 1374 2138 quin
1410 2053 1649 2135 potius,
1677 2056 1753 2117 ut
1784 2052 2125 2117 novissimi
2162 2052 2231 2116 in
2267 2052 2542 2136 culpam,

182 2143 273 2207 ita
307 2141 516 2227 primi
555 2142 637 2207 ad
664 2142 1135 2227 paenitentiam
1165 2140 1435 2207 sumus?
1510 2141 1700 2206 tarda
1728 2145 1883 2206 sunt
1910 2162 2075 2225 quae
2103 2141 2172 2205 in
2200 2161 2543 2205 commune
2562 2150 2633 2199 20

179 2232 714 2317 expostulentur:
796 2231 1120 2317 privatam
1167 2231 1448 2318 gratiam
1497 2231 1722 2295 statim
1770 2251 2074 2314 mereare,
2091 2229 2338 2306 ‘statim
2381 2229 2541 2294 reci-

181 2321 361 2406 pias'.
448 2322 795 2387 commotis
840 2343 958 2407 per
1000 2320 1162 2386 haec
1216 2319 1549 2386 mentibus
1587 2324 1654 2385 et
1697 2322 1870 2385 inter
1907 2341 1975 2385 se
2013 2321 2351 2404 suspectis,
2385 2320 2541 2384 tiro-

183 2433 322 2477 nem
371 2434 412 2477 a
463 2415 800 2493 veterane,
856 2410 1185 2496 legionem
1242 2432 1282 2474 a
1337 2410 1597 2494 legione
1653 2408 2022 2474 dissociant.
2131 2413 2273 2473 tum
2331 2408 2540 2472 redire

182 2501 506 2585 paulatim
546 2521 730 2566 amor
767 2499 1084 2585 obsequii3
1121 2499 1442 2564 omittunt
1475 2501 1724 2584 portas,
1751 2498 1944 2583 signa
1978 2518 2181 2562 unum
2216 2497 2288 2562 in
2320 2495 2540 2562 locum

185 2590 513 2674 principio
562 2586 902 2655 seditionis
949 2591 1350 2673 congregata
1396 2610 1548 2652 suas
1595 2587 1660 2651 in
1711 2587 1893 2652 sedes
1940 2586 2241 2651 referunt.
2559 2585 2628 2635 25

350 2677 612 2743 Drusus
658 2681 800 2743 orto
848 2677 950 2743 die
997 2681 1064 2742 et
1106 2682 1339 2743 vocata
1384 2675 1716 2755 contione,
1764 2695 2156 2761 quamquam
2211 2673 2391 2739 rudis
2440 2674 2534 2738 di·
2555 2674 2642 2740 29

246 2870 343 2931 28,
396 2875 451 2924 1.
503 2870 730 2926 Noctem
764 2870 1044 2925 minacem.
1136 2868 1305 2924 Diese
1415 2870 1653 2923 inserere
1697 2884 1754 2923 se
1799 2868 2060 2935 somnae
2093 2866 2264 2934 „sich
2308 2866 2367 2922 in
2415 2866 2539 2922 eine

180 2939 649 2996 Personifikation
711 2939 810 2996 des
863 2940 1138 3011 Begriffes
1203 2940 1307 2994 hat
1410 2937 1563 2995 hohe
1663 2938 1923 3009 Stellung
2032 2937 2536 3008 hineindrangen“.

176 3010 405 3067 Tacitus
447 3011 610 3067 oster.
676 3012 804 3083 Vgl.
842 3012 974 3067 hist,
1007 3018 1054 3079 1,
1083 3017 1154 3067 80
1187 3027 1305 3066 nox
1410 3010 1599 3065 Valet.
1638 3009 1785 3065 Max.
1824 3016 1857 3064 6
1867 3051 1885 3078 ,
1930 3016 1964 3063 2
2000 3011 2112 3064 ext.
2154 3014 2182 3062 1
2240 3011 2436 3064 inserit
2482 3025 2539 3064 sc

180 3084 484 3139 abstulerat
519 3084 793 3153 obsequia,
830 3100 957 3138 ann.
996 3090 1047 3153 2,
1088 3088 1155 3137 14
1189 3098 1304 3138 nox
1408 3084 1585 3137 tantis
1603 3080 2253 3148 videmur-„semida
2266 3080 2387 3135 sich
2407 3085 2536 3135 an“.

178 3157 359 3210 eadem
425 3156 628 3209 laetam
685 3154 1011 3210 Germanico
1074 3155 1304 3224 quietem
1484 3158 1568 3208 18.
1626 3153 1968 3220 Neronibus,
2018 3151 2150 3208 weil
2210 3151 2312 3206 der
2363 3151 2539 3205 Vater

183 3227 321 3281 tulit.
400 3230 491 3292 13,
531 3230 615 3281 17.
1411 3224 1511 3278 des
1538 3222 1786 3291 Kaisers,
1824 3224 1907 3279 Ti.
1942 3222 2224 3290 Claudius,
2263 3223 2372 3277 den
2406 3220 2535 3276 Bei-

247 3302 298 3351 2.
327 3298 679 3367 zoam-escere
704 3295 781 3351 ist
807 3296 866 3351 in
895 3296 1110 3352 diesem
1139 3295 1307 3352 Sinne
1415 3311 1622 3349 namen
1652 3296 1804 3350 Nero
1838 3294 2065 3364 geffihrt
2092 3294 2267 3349 hatte.
2325 3293 2536 3347 Drusus

183 3361 275 3423 ἄιε.
314 3365 423 3437 elo.
455 3367 570 3437 vgl.
609 3364 694 3438 cp.
735 3373 823 3436 30,
854 3373 903 3422 7.
958 3371 1035 3420 Es
1063 3384 1181 3422 war
1209 3368 1309 3422 der
1415 3383 1535 3420 war
1597 3365 1867 3421 Beiname
1918 3365 2071 3421 eines
2126 3363 2375 3434 Zweiges
2438 3363 2539 3419 der

185 3443 266 3493 26.
306 3439 645 3509 September
681 3438 781 3495 des
818 3438 1037 3494 Jahres‹
1060 3445 1144 3495 14.
1260 3493 1271 3501 ,
1412 3453 1556 3507 gens
1593 3438 1770 3492 Livia.

250 3517 300 3566 4.
323 3526 708 3581 prospereque.
764 3508 901 3566 Ans·
921 3509 1051 3564 dem
1079 3506 1303 3565 vorsus·
1488 3514 1573 3573 20.
1659 3508 1772 3563 Der
1862 3506 2189 3563 stilistische
2270 3506 2538 3563 Wechsel

185 3580 477 3649 gehenden
515 3582 863 3637 &simulans
897 3581 975 3636 ist
1015 3580 1107 3635 ein
1136 3580 1304 3635 Verb.
1414 3581 1695 3634 zwischen
1760 3579 1824 3634 im
1878 3578 1995 3634 und
2053 3579 2131 3634 ad
2188 3578 2389 3647 (echon
2443 3578 2538 3634 bei

187 3652 408 3706 dicendi
460 3669 528 3705 zu
577 3656 871 3722 erganzen.
962 3651 1037 3707 So
1080 3668 1182 3707 vor
1238 3667 1306 3706 ac
1414 3649 1631 3720 Livius)
1686 3651 1831 3705 auch
1878 3656 1940 3719 4,
1996 3654 2061 3703 51
2120 3665 2237 3704 nox
2289 3650 2421 3705 aliis
2472 3652 2539 3704 in

186 3719 245 3775 in
276 3728 329 3792 2,
365 3728 456 3777 45.
520 3722 814 3778 Durchaus
848 3721 1300 3791 ungewohnlich.
1412 3723 1739 3791 audaciam,
1777 3722 1910 3777 aliis
1946 3723 2025 3776 ad
2058 3721 2409 3788 formidinem
2444 3736 2538 3790 op-

253 3799 303 3848 6.
341 3796 492 3849 aee-is
534 3811 683 3850 sono.
767 3793 935 3849 Diese
982 3792 1127 3855 Sitte
1162 3793 1306 3848 wird
1402 3798 1674 3861 pov-tuna.
1702 3792 1836 3849 hist.
1869 3797 1917 3860 1,
1946 3797 2017 3846 44
2052 3793 2129 3847 ad
2159 3808 2436 3860 praecem,
2473 3795 2539 3848 in

187 3864 326 3919 auch
352 3881 466 3920 von
494 3863 613 3919 Liv.
643 3872 730 3934 26,
761 3870 793 3920 5
831 3867 1098 3921 θτπῆὴηὺ.
1171 3863 1303 3934 vgl.
1405 3870 1702 3932 posterum.
1742 3870 1791 3919 2.
1831 3868 1917 3919 44.
2002 3864 2174 3918 Fehlt
2217 3864 2354 3918 aber
2388 3864 2538 3917 noch

188 3931 394 3991 Preller
430 3935 606 4006 Myth.
643 3942 768 3993 289.
1408 3935 1472 3988 in
1500 3934 1610 3989 den
1636 3934 1925 3990 kleineren
1946 3933 2242 3989 Schriften.
2301 3934 2354 3989 S.
2388 3932 2536 3988 Einl.

254 4012 303 4060 6.
342 4006 500 4063 Statt
526 4013 701 4077 prout
736 4007 892 4062 steht
918 4009 1074 4063 sonst
1098 4006 1160 4062 in
1190 4006 1301 4061 den
1412 4014 1464 4071 g.
1503 4011 1589 4062 60.

189 4076 443 4133 Annalen
476 4078 733 4149 hsufiger
766 4083 846 4134 ut.
1486 4083 1574 4131 21.
1610 4077 1823 4143 statim,
1860 4075 1968 4131 wie
2006 4083 2057 4145 2,
2095 4079 2164 4130 82
2201 4076 2391 4131 statim
2425 4091 2536 4130 cre-

257 4155 339 4206 13.
377 4155 570 4222 qratus
603 4151 671 4205 in
705 4151 853 4205 nach
891 4148 1012 4206 Liv.
1043 4155 1093 4219 9,
1135 4155 1204 4204 33
1241 4150 1306 4204 i‘n
1412 4149 1777 4215 &casstatim
1811 4149 2041 4220 vulyuta
2073 4152 2221 4202 emat.

191 4220 381 4289 vulyue
415 4200 723 4291 mutierem,
1485 4219 1581 4274 29.
1631 4224 1681 4275 1.
1730 4220 1894 4273 rudis
1946 4216 2056 4271 mit
2110 4216 2247 4271 Gen.
2300 4217 2533 4286 gerund.

261 4295 344 4347 14.
390 4308 447 4348 sc
489 4293 766 4360 inserunt,
813 4291 919 4348 wie
965 4289 1097 4346 hist.
1136 4297 1197 4361 2,
1235 4295 1300 4345 61
1410 4307 1518 4344 nur
1544 4288 1692 4346 noch
1714 4288 1865 4345 Curt.
1884 4293 1937 4356 4,
1954 4294 2006 4357 2,
2037 4291 2103 4341 1⁷
2124 4287 2532 4358 pertractandi.
