2867 4625
953 99 1175 155 LIBER
1200 98 1267 155 Π.
1335 98 1492 154 CAP.
1530 104 1759 154 57-59.
2404 97 2527 163 131

179 283 372 327 rarus
419 261 491 326 in
536 262 850 328 tribunali
888 260 1185 328 Caesaris
1221 260 1395 347 Piso,
1433 265 1500 325 et
1548 261 1603 326 si
1649 262 1903 347 quando
1952 261 2300 347 adsideret,
2346 265 2533 327 atrox

182 373 258 416 ac
304 351 653 416 dissentire
699 350 1100 417 manifestus.
1191 372 1320 415 vox
1366 371 1623 436 quoque
1671 351 1809 416 eius
1858 351 2080 416 audita
2125 356 2224 416 est
2265 353 2334 416 in
2381 373 2526 416 con·

179 439 388 522 vivio,
448 460 593 504 cum
654 440 825 524 apud
879 461 1097 525 regem
1144 437 1633 505 Nabataeorum
1690 461 1964 506 coronae
2011 461 2243 505 aureae
2291 460 2530 524 magno

180 529 470 613 pondere
508 527 775 595 Caesari
812 533 878 593 et
912 529 1338 615 Agrippinae,
1374 527 1552 594 leves
1588 527 1810 594 Pisoni
1856 533 1923 594 et
1957 528 2190 594 ceteris
2228 529 2530 594 offerren·
2572 544 2635 594 15

178 624 318 702 tur,
364 617 677 702 principis
722 616 1028 701 Romani,
1074 639 1206 683 non
1251 617 1481 683 Parthi
1527 617 1701 703 regis
1747 618 1887 684 filio
1935 639 2043 682 eas
2091 618 2318 701 epulas
2365 619 2529 704 dari3

181 707 551 791 abiecitque
610 707 804 771 simul
869 728 1174 771 coronam
1238 709 1305 771 et
1366 706 1578 771 multa
1629 707 1699 771 in
1755 707 1975 772 luxum
2032 706 2306 788 addidit,
2367 729 2531 793 quae

180 793 572 860 Germanico
619 816 1012 881 quamquam
1058 795 1290 861 acerba
1334 794 1783 861 tolerabantur
1828 800 2068 860 tamen.

363 883 544 948 Inter
607 905 772 970 quae
828 884 910 949 ab
973 904 1125 969 rege
1179 882 1572 949 Parthorum
1626 885 1964 950 Artabano
2020 884 2224 970 legati
2279 906 2529 950 venere.
2550 884 2635 950 58

178 972 459 1038 miserat
503 972 857 1038 amicitiam
905 993 980 1037 ac
1025 972 1252 1037 foedus
1299 976 1797 1056 memoraturos‚
1845 977 1911 1038 et
1955 995 2186 1057 cupere
2232 976 2530 1039 renovari

179 1061 447 1127 dextras
464 1113 482 1145 ,
543 1062 971 1147 daturumque
1032 1061 1268 1127 honori
1323 1060 1697 1128 Germanici
1759 1066 1834 1127 ut
1895 1062 2107 1146 ripam
2170 1061 2529 1147 Euphratis

178 1150 546 1217 accederet:
597 1154 817 1236 petere
873 1149 1132 1215 interim
1179 1172 1260 1215 ne
1305 1149 1615 1216 Vonones
1670 1151 1740 1215 in
1788 1150 1977 1217 Suria
2021 1151 2369 1216 haberetur
2403 1173 2530 1217 neu

174 1260 483 1323 proceres
548 1241 838 1325 gentium
900 1240 1282 1324 propinquis
1346 1241 1592 1304 nuntiis
1653 1240 1735 1304 ad
1799 1240 2155 1306 discordias
2218 1240 2529 1307 traheret.
2567 1255 2600 1303 5

181 1327 267 1392 ad
336 1349 413 1392 ea
477 1326 900 1395 Germanicus
984 1328 1062 1393 de
1138 1329 1448 1393 societate
1512 1327 1954 1394 Romanorum
2018 1327 2531 1415 Parthorumque

176 1417 552 1502 magnifice,
597 1417 673 1482 de
712 1418 993 1483 adventu
1038 1417 1214 1502 regis
1261 1421 1328 1482 et
1373 1418 1553 1483 cultu
1599 1418 1718 1482 sui.
1747 1440 1895 1483 cum
1939 1418 2166 1483 decore
2204 1440 2280 1484 ac
2314 1418 2530 1485 mode·

177 1507 314 1570 stia
387 1506 741 1591 respondit.
847 1505 1157 1571 Vonones
1226 1504 1743 1592 Pompeiopolim
1807 1505 2071 1572 Ciliciae
2137 1507 2530 1572 maritimam

173 1595 411 1659 urbem
477 1598 731 1660 amotus
797 1598 913 1660 est.
1022 1594 1246 1659 datum
1299 1594 1364 1661 id
1421 1617 1552 1661 non
1609 1595 1801 1661 modo
1856 1596 2160 1681 precibus
2207 1596 2528 1661 Artabani

178 1684 294 1748 sed
336 1683 766 1749 contumeliae
794 1683 1072 1766 Pisonis,
1100 1683 1206 1749 cui
1242 1683 1658 1768 gratissimus
1698 1688 1839 1750 erat
1874 1685 1957 1750 ob
1996 1684 2279 1769 plurima
2314 1685 2530 1750 officia
2571 1700 2634 1750 ιο

178 1776 249 1837 et
293 1772 496 1857 dona,
540 1772 776 1857 quibus
822 1771 1202 1838 Plancinam
1248 1771 1642 1837 devinxerat.

361 1860 450 1928 M.
498 1860 719 1927 Silano
763 1861 835 1926 L.
880 1859 1191 1927 Norbano
1249 1861 1630 1927 consulibus
1677 1860 2097 1927 Germanicus
2142 1861 2525 1948 Aegyptum
2547 1861 2631 1926 59

175 1949 620 2035 proficiscitur
682 1949 1164 2036 cognoscendae
1225 1949 1655 2036 antiquitatis.
1762 1951 1872 2017 sed
1939 1972 2094 2016 cura
2155 1950 2529 2035 provinciae

174 2039 744 2124 praetendebatur,
779 2038 1147 2124 levavitque
1185 2039 1429 2124 apertis
1463 2038 1716 2105 horreis
1751 2039 1963 2124 pretia
1996 2039 2258 2124 frugum
2295 2040 2528 2105 multa·-

177 2149 305 2212 que
361 2127 432 2193 in
478 2128 713 2212 vulgus
774 2135 967 2213 grata
1019 2128 1382 2212 usurpavit:
1443 2128 1584 2194 sine
1630 2128 1838 2193 milite
1882 2129 2209 2206 incedere,
2253 2129 2527 2213 pedibus

175 2216 446 2282 intectis
492 2222 560 2282 et
601 2218 746 2302 pari
791 2239 939 2282 cum
984 2215 1246 2282 Graecis
1293 2217 1553 2301 amictu,
1596 2215 1667 2281 P.
1705 2214 2027 2301 Scipionis
2076 2218 2528 2303 aemulatione,
2565 2232 2597 2281 5

179 2328 375 2392 quem
441 2306 664 2373 eadem
735 2304 1139 2372 factitavisse
1211 2305 1383 2391 apud
1452 2304 1766 2386 Siciliam,
1839 2306 2135 2393 quamvis
2207 2305 2527 2394 flagrante

180 2395 390 2461 adhuc
417 2394 786 2462 Poenorum
814 2395 1012 2478 bello,
1042 2395 1426 2480 accepimus.
1471 2395 1771 2461 Tiberius
1800 2397 1980 2461 cultu
2006 2395 2360 2480 habituque
2390 2396 2526 2461 eius

177 2483 440 2550 lenibus
486 2484 704 2550 verbis
748 2484 1116 2569 perstricto,
1162 2483 1471 2549 acerrime
1517 2485 1837 2571 increpuit
1874 2482 2044 2568 quod
2081 2487 2307 2550 contra
2342 2484 2526 2568 insti·

172 2576 324 2638 tuta
396 2572 685 2660 Augusti
758 2595 893 2639 non
964 2574 1198 2657 sponte
1260 2572 1575 2659 principis
1639 2572 2101 2639 Alexandriam
2172 2573 2524 2639 introisset.

175 2683 336 2727 nam
401 2663 737 2749 Augustus
810 2662 982 2727 inter
1053 2662 1184 2726 alia
1247 2661 1713 2728 dominationis
1788 2683 2049 2746 arcana,
2114 2661 2333 2726 vetitis
2394 2661 2524 2727 nisi
2564 2678 2630 2727 10

362 2854 446 2908 ist
497 2853 621 2910 eine
669 2854 830 2909 nicht
875 2852 1088 2909 seltene
1122 2839 1296 2909 Uber·
1405 2853 1625 2924 Wegen
1679 2852 1779 2909 des
1833 2854 2202 2908 Accusativus
2250 2854 2435 2923 ripam
2483 2871 2526 2908 s.

175 2924 503 2994 gangsform
559 2925 651 2981 bei
704 2925 959 2992 Tacitus,
1013 2924 1113 2979 der
1162 2924 1299 2979 aber
1405 2923 1551 2982 Einl.
1591 2930 1639 2991 §-
1677 2931 1763 2993 25,
1802 2939 1850 2980 c.

174 2996 267 3051 nie
285 3001 523 3065 postque
559 2996 884 3066 gebraucht,
912 3012 1030 3051 was
1058 2995 1179 3050 hier
1206 2995 1298 3051 die
1478 3009 1529 3061 5.
1600 3005 1836 3060 traheret
1871 3002 2178 3072 „verleiten
2214 3003 2427 3059 liesse“.

173 3066 551 3151 Handaehrist,
578 3066 775 3122 bietef’·
815 3137 828 3150 .
1195 3136 1208 3148 .
1243 3136 1256 3149 .
1476 3093 1574 3150 59.
1628 3099 1676 3150 1.
1734 3091 1958 3148 Silanus
1985 3092 2141 3148 ward
2177 3094 2366 3163 spater
2393 3092 2527 3148 Pro-

247 3143 336 3193 13·
390 3139 718 3205 ma⁹²²f⁶³t¹⁴⁸
752 3138 860 3192 m¹¹³
894 3137 1022 3193 ‘10¹1'
1049 3136 1295 3192 Infimh'
1404 3163 1612 3219 konsul
1664 3180 1777 3220 von
1820 3161 2038 3219 Afrika.
2127 3163 2236 3218 Ein
2292 3163 2527 3218 andei-er

171 3225 280 3263 nur
317 3210 465 3264 noch
501 3207 637 3266 dial-
678 3213 762 3264 1⁶·
813 3207 956 3264 3¹²⁸·ss-
996 3208 1169 3263 Thflb·
1211 3212 1298 3277 ¹⁰²
1404 3235 1699 3290 desselben
1746 3232 1996 3290 Namens
2043 3233 2181 3289 wird
2219 3241 2279 3301 3,
2317 3239 2387 3288 24
2429 3250 2525 3305 ge-

172 3279 1075 3407 ⁷⁶343mssiz¹¹niztssz¹fffisn
1088 3350 1294 3405 Noma-
1401 3307 1699 3448 33¹²&ss
1723 3306 1801 3443 {¹3
1825 3306 1960 3431 gg?
1986 3306 2184 3362 Aecus.
2213 3306 2526 3376 Aeowtum

175 3421 324 3548 (10ῗέ
329 3410 1298 3563 οξᾝωὲᾚᾞίξθῗῇξξέ
1475 3461 1526 3540 ²:
1599 3458 2011 3539 coyvqoscendae.
2083 3442 2235 3511 Uber
2272 3454 2380 3510 den
2416 3452 2526 3511 Ge-

175 3564 269 3619 bei
311 3537 537 3633 lffepos3
573 3563 669 3619 bei
704 3562 897 3619 Casan
946 3564 1147 3633 equites
1173 3563 1297 3617 Nu·
1402 3531 1560 3584 netu*
1597 3546 1638 3583 Β·
1676 3527 1821 3629 Eml·
1860 3532 1928 3629 θ’,
1950 3532 2071 3627 198·

1479 3622 1528 3672 5.
1601 3617 1704 3671 Βοι
1738 3621 1955 3672 mtectts
2000 3617 2078 3670 ist
2114 3631 2188 3670 an
2224 3613 2526 3685 Sandalem

171 3637 353 3691 midae
388 3635 508 3690 und
556 3634 713 3691 Galli
754 3636 956 3705 equites
999 3635 1115 3689 und
1159 3634 1296 3689 ahn·
1485 3688 1497 3698 ,
1642 3689 1653 3700 ,
2138 3685 2151 3698 .

170 3705 350 3762 liches
387 3705 485 3762 bei
520 3704 716 3762 Livius
752 3705 869 3761 und
903 3704 1189 3760 Dichtern.
1406 3687 1502 3742 bel
1539 3693 1746 3743 amwtu
1772 3703 1845 3742 ¹²11
1883 3686 1983 3742 das
2008 3686 2249 3741 Pallmm
2287 3705 2356 3741 zu
2392 3686 2526 3742 den·

242 3775 339 3833 58.
380 3784 431 3832 1,
477 3764 633 3833 Uber
675 3775 998 3833 Arssabanug
1041 3794 1082 3832 g,
1121 3792 1209 3846 op,
1245 3781 1297 3830 3,
1405 3759 1533 3813 ken.
1585 3787 1653 3799 —
1707 3760 1941 3815 intectus
1986 3758 2134 3812 nach
2171 3756 2385 3813 Sallust
2432 3757 2527 3813 bei

172 3847 285 3903 und
320 3854 373 3905 4.
1405 3829 1539 3885 Tac.
1576 3828 1693 3884 und
1730 3829 2016 3900 Spateren.

240 3924 273 3974 2
400 3918 598 3988 foedus
703 3918 951 3973 namlich
1021 3916 1298 3972 zwischen
1479 3914 1528 3963 9.
1601 3914 1789 3979 sponte
1823 3910 1931 3963 mit
1957 3909 2085 3964 dem
2114 3906 2369 3976 Genetixr,
2411 3909 2527 3961 erst

173 3990 223 4043 A
278 3960 292 3974 ⁶
338 3992 475 4048 stus,
509 3960 629 4045 und
680 3988 952 4045 Phraates
1002 3989 1081 4042 im
1126 3987 1178 4046 J.
1225 3993 1296 4042 20
1404 3980 1484 4034 im
1515 3979 1795 4061 silberneu
1820 3979 2050 4047 Latmia,
2091 3997 2136 4034 z.
2167 3979 2228 4032 Β.
2267 3979 2360 4034 bei
2396 3977 2525 4032 dem

172 4078 224 4116 v.
304 4064 391 4118 hr.
466 4060 600 4130 vgl.
639 4078 709 4115 zu
744 4078 829 4130 cp.
876 4067 920 4115 1.
1402 4051 1620 4105 alterna
1645 4050 1861 4106 Plimus
1888 4051 2003 4105 und
2038 4049 2244 4117 Lucan,
2283 4050 2385 4104 hat
2418 4047 2524 4103 'I'a-

241 4139 291 4190 3.
373 4134 605 4189 datrae
675 4132 816 4188 statt
878 4132 1095 4199 foedus,
1168 4129 1294 4186 eine
1403 4120 1550 4177 citus
1589 4121 1753 4189 oster,
1790 4122 1926 4180 aber
1960 4140 2066 4184 nur
2101 4121 2162 4175 in
2198 4120 2307 4175 den
2333 4118 2524 4174 Histo-

171 4203 360 4260 kfihne
398 4203 716 4273 Metapher‚
750 4202 858 4258 wie
887 4202 1042 4273 Virg.
1072 4203 1210 4257 Aen.
1242 4207 1292 4269 6,
1399 4192 1523 4248 rien
1557 4193 1674 4247 und
1708 4192 1981 4248 Annalen.

175 4281 274 4333 618
309 4276 666 4336 dominorum
709 4275 903 4342 fallere
947 4275 1184 4332 destrae.
1224 4302 1292 4314 —
1477 4277 1558 4328 10.
1632 4288 1844 4329 arcana
1879 4270 1992 4343 vgl.
2030 4290 2099 4326 zu
2140 4287 2228 4340 cp.
2267 4273 2352 4324 36.

2025 4356 2100 4413 9*
