<?xml version="1.0" encoding="UTF-8"?>
<!DOCTYPE html PUBLIC "-//W3C//DTD XHTML 1.0 Transitional//EN"
    "http://www.w3.org/TR/xhtml1/DTD/xhtml1-transitional.dtd">
<html xmlns="http://www.w3.org/1999/xhtml" xml:lang="en" lang="en">
 <head>
  <title>
</title>
<meta http-equiv="Content-Type" content="text/html;charset=utf-8" />
  <meta name='ocr-system' content='tesseract 3.04.00' />
  <meta name='ocr-capabilities' content='ocr_page ocr_carea ocr_par ocr_line ocrx_word'/>
</head>
<body>
  <div class='ocr_page' id='page_1' title='image "./dieannalendesta00draegoog_0472.png"; bbox 0 0 2867 4625; ppageno 0'>
   <div class='ocr_carea' id='block_1_1' title="bbox 341 103 473 169">
    <p class='ocr_par' dir='ltr' id='par_1_1' title="bbox 341 103 473 169">
     <span class='ocr_line' id='line_1_1' title="bbox 341 103 473 169; baseline 0.008 -1"><span class='ocrx_word' id='word_1_1' title='bbox 341 103 473 169; x_wconf 82' lang='lat'><strong>162</strong></span> 
     </span>
    </p>
   </div>
   <div class='ocr_carea' id='block_1_2' title="bbox 989 99 2053 161">
    <p class='ocr_par' dir='ltr' id='par_1_2' title="bbox 989 99 2053 161">
     <span class='ocr_line' id='line_1_2' title="bbox 989 99 2053 161; baseline -0.005 -3"><span class='ocrx_word' id='word_1_2' title='bbox 989 100 1341 161; x_wconf 80' lang='lat' dir='ltr'>CORNELII</span> <span class='ocrx_word' id='word_1_3' title='bbox 1375 99 1622 161; x_wconf 81' lang='lat' dir='ltr'>TAOITI</span> <span class='ocrx_word' id='word_1_4' title='bbox 1656 99 2053 155; x_wconf 79' lang='lat' dir='ltr'>ANNALIUM</span> 
     </span>
    </p>
   </div>
   <div class='ocr_carea' id='block_1_3' title="bbox 234 261 2708 707">
    <p class='ocr_par' dir='ltr' id='par_1_3' title="bbox 234 261 2708 707">
     <span class='ocr_line' id='line_1_3' title="bbox 335 261 2706 348; baseline -0 -15"><span class='ocrx_word' id='word_1_5' title='bbox 335 288 575 335; x_wconf 84' lang='lat' dir='ltr'><strong>norum</strong></span> <span class='ocrx_word' id='word_1_6' title='bbox 618 265 1028 333; x_wconf 84' lang='lat' dir='ltr'><strong>imitamenta</strong></span> <span class='ocrx_word' id='word_1_7' title='bbox 1070 263 1423 348; x_wconf 81' lang='lat' dir='ltr'><strong>praeferre,</strong></span> <span class='ocrx_word' id='word_1_8' title='bbox 1469 263 1812 347; x_wconf 83' lang='lat' dir='ltr'><strong>adsumpta</strong></span> <span class='ocrx_word' id='word_1_9' title='bbox 1857 263 2057 331; x_wconf 85' lang='lat' dir='ltr'><strong>etiam</strong></span> <span class='ocrx_word' id='word_1_10' title='bbox 2093 261 2464 331; x_wconf 82' lang='lat' dir='ltr'><strong>Stoicorum</strong></span> <span class='ocrx_word' id='word_1_11' title='bbox 2512 265 2706 332; x_wconf 79' lang='lat' dir='ltr'><strong>adro·</strong></span> 
     </span>
     <span class='ocr_line' id='line_1_4' title="bbox 339 352 2708 442; baseline 0 -21"><span class='ocrx_word' id='word_1_12' title='bbox 339 356 569 442; x_wconf 66' lang='lat' dir='ltr'><strong>gantis</strong></span> <span class='ocrx_word' id='word_1_13' title='bbox 604 357 926 440; x_wconf 81' lang='lat' dir='ltr'><strong>sectaque,</strong></span> <span class='ocrx_word' id='word_1_14' title='bbox 966 374 1130 440; x_wconf 81' lang='lat' dir='ltr'><strong>quae</strong></span> <span class='ocrx_word' id='word_1_15' title='bbox 1173 352 1475 421; x_wconf 84' lang='lat' dir='ltr'><strong>turbidos</strong></span> <span class='ocrx_word' id='word_1_16' title='bbox 1510 355 1577 417; x_wconf 88' lang='lat' dir='ltr'><strong>et</strong></span> <span class='ocrx_word' id='word_1_17' title='bbox 1611 352 2026 437; x_wconf 78' lang='lat' dir='ltr'><strong>negotiorum</strong></span> <span class='ocrx_word' id='word_1_18' title='bbox 2062 353 2444 437; x_wconf 68' lang='lat' dir='ltr'><strong>adpetentes</strong></span> <span class='ocrx_word' id='word_1_19' title='bbox 2481 353 2708 423; x_wconf 76' lang='lat' dir='ltr'><strong>faciat.</strong></span> 
     </span>
     <span class='ocr_line' id='line_1_5' title="bbox 336 440 2699 527; baseline 0 -17"><span class='ocrx_word' id='word_1_20' title='bbox 336 466 459 511; x_wconf 90' lang='lat' dir='ltr'><strong>nec</strong></span> <span class='ocrx_word' id='word_1_21' title='bbox 502 446 678 509; x_wconf 83' lang='lat' dir='ltr'><strong>ultra</strong></span> <span class='ocrx_word' id='word_1_22' title='bbox 712 465 913 509; x_wconf 83' lang='lat' dir='ltr'><strong>mora.</strong></span> <span class='ocrx_word' id='word_1_23' title='bbox 984 441 1168 509; x_wconf 78' lang='lat' dir='ltr'><strong>Sulla</strong></span> <span class='ocrx_word' id='word_1_24' title='bbox 1209 444 1392 508; x_wconf 83' lang='lat' dir='ltr'><strong>sexto</strong></span> <span class='ocrx_word' id='word_1_25' title='bbox 1441 440 1543 506; x_wconf 91' lang='lat' dir='ltr'><strong>die</strong></span> <span class='ocrx_word' id='word_1_26' title='bbox 1587 442 1911 526; x_wconf 82' lang='lat' dir='ltr'><strong>pervectis</strong></span> <span class='ocrx_word' id='word_1_27' title='bbox 1947 441 2317 511; x_wconf 76' lang='lat' dir='ltr'><strong>Massiliam</strong></span> <span class='ocrx_word' id='word_1_28' title='bbox 2361 464 2699 527; x_wconf 84' lang='lat' dir='ltr'><strong>percusso-</strong></span> 
     </span>
     <span class='ocr_line' id='line_1_6' title="bbox 339 530 2706 616; baseline 0 -17"><span class='ocrx_word' id='word_1_29' title='bbox 339 534 524 599; x_wconf 85' lang='lat' dir='ltr'><strong>ribus</strong></span> <span class='ocrx_word' id='word_1_30' title='bbox 569 536 723 601; x_wconf 80' lang='lat' dir='ltr'><strong>ante</strong></span> <span class='ocrx_word' id='word_1_31' title='bbox 767 536 1014 601; x_wconf 80' lang='lat' dir='ltr'><strong>metum</strong></span> <span class='ocrx_word' id='word_1_32' title='bbox 1049 534 1117 597; x_wconf 88' lang='lat' dir='ltr'><strong>et</strong></span> <span class='ocrx_word' id='word_1_33' title='bbox 1151 552 1480 599; x_wconf 85' lang='lat' dir='ltr'><strong>rumorem</strong></span> <span class='ocrx_word' id='word_1_34' title='bbox 1525 531 1927 613; x_wconf 82' lang='lat' dir='ltr'><strong>interficitur,</strong></span> <span class='ocrx_word' id='word_1_35' title='bbox 1970 553 2121 597; x_wconf 86' lang='lat' dir='ltr'><strong>cum</strong></span> <span class='ocrx_word' id='word_1_36' title='bbox 2153 530 2467 616; x_wconf 60' lang='lat' dir='ltr'><strong>epulan&amp;</strong></span> <span class='ocrx_word' id='word_1_37' title='bbox 2504 555 2706 601; x_wconf 71' lang='lat' dir='ltr'><strong>causa</strong></span> 
     </span>
     <span class='ocr_line' id='line_1_7' title="bbox 234 618 2699 707; baseline 0.001 -20"><span class='ocrx_word' id='word_1_38' title='bbox 234 638 305 689; x_wconf 79' lang='lat'><strong>20</strong></span> <span class='ocrx_word' id='word_1_39' title='bbox 342 623 792 690; x_wconf 73' lang='lat' dir='ltr'><strong>discumberet.</strong></span> <span class='ocrx_word' id='word_1_40' title='bbox 854 621 1179 705; x_wconf 83' lang='lat' dir='ltr'><strong>perlatum</strong></span> <span class='ocrx_word' id='word_1_41' title='bbox 1216 623 1416 705; x_wconf 70' lang='lat' dir='ltr'><strong>ceput</strong></span> <span class='ocrx_word' id='word_1_42' title='bbox 1449 620 1593 687; x_wconf 88' lang='lat' dir='ltr'><strong>eius</strong></span> <span class='ocrx_word' id='word_1_43' title='bbox 1638 620 1867 686; x_wconf 88' lang='lat' dir='ltr'><strong>inlusit</strong></span> <span class='ocrx_word' id='word_1_44' title='bbox 1905 618 2084 685; x_wconf 82' lang='lat' dir='ltr'><strong>Nero</strong></span> <span class='ocrx_word' id='word_1_45' title='bbox 2127 622 2470 705; x_wconf 86' lang='lat' dir='ltr'><strong>tamquam</strong></span> <span class='ocrx_word' id='word_1_46' title='bbox 2516 643 2699 707; x_wconf 76' lang='lat' dir='ltr'><strong>prae·</strong></span> 
     </span>
    </p>
   </div>
   <div class='ocr_carea' id='block_1_4' title="bbox 236 709 1234 867">
    <p class='ocr_par' dir='ltr' id='par_1_4' title="bbox 236 709 1234 867">
     <span class='ocr_line' id='line_1_8' title="bbox 236 709 1234 867; baseline -0.006 -87"><span class='ocrx_word' id='word_1_47' title='bbox 236 799 323 867; x_wconf 73' lang='lat'><strong>58</strong></span> <span class='ocrx_word' id='word_1_48' title='bbox 340 715 600 779; x_wconf 71' lang='lat' dir='ltr'><strong>matura</strong></span> <span class='ocrx_word' id='word_1_49' title='bbox 645 711 883 779; x_wconf 77' lang='lat' dir='ltr'><strong>canitie</strong></span> <span class='ocrx_word' id='word_1_50' title='bbox 929 709 1234 777; x_wconf 80' lang='lat' dir='ltr'><strong>deforme.</strong></span> 
     </span>
    </p>
   </div>
   <div class='ocr_carea' id='block_1_5' title="bbox 525 797 2704 903">
    <p class='ocr_par' dir='ltr' id='par_1_5' title="bbox 525 797 2704 903">
     <span class='ocr_line' id='line_1_9' title="bbox 525 797 2704 903; baseline 0 -39"><span class='ocrx_word' id='word_1_51' title='bbox 525 800 760 865; x_wconf 82' lang='lat' dir='ltr'><strong>Plauto</strong></span> <span class='ocrx_word' id='word_1_52' title='bbox 833 799 1053 883; x_wconf 78' lang='lat' dir='ltr'><strong>parari</strong></span> <span class='ocrx_word' id='word_1_53' title='bbox 1114 819 1338 864; x_wconf 86' lang='lat' dir='ltr'><strong>necem</strong></span> <span class='ocrx_word' id='word_1_54' title='bbox 1400 819 1537 863; x_wconf 90' lang='lat' dir='ltr'><strong>non</strong></span> <span class='ocrx_word' id='word_1_55' title='bbox 1599 797 1867 882; x_wconf 77' lang='lat' dir='ltr'><strong>perinde</strong></span> <span class='ocrx_word' id='word_1_56' title='bbox 1932 798 2255 865; x_wconf 89' lang='lat' dir='ltr'><strong>occultum</strong></span> <span class='ocrx_word' id='word_1_57' title='bbox 2318 798 2476 884; x_wconf 79' lang='lat' dir='ltr'><strong>fnit,</strong></span> <span class='ocrx_word' id='word_1_58' title='bbox 2548 802 2704 903; x_wconf 68' lang='lat' dir='ltr'><strong>quia</strong></span> 
     </span>
    </p>
   </div>
   <div class='ocr_carea' id='block_1_6' title="bbox 243 887 2710 1863">
    <p class='ocr_par' dir='ltr' id='par_1_6' title="bbox 243 887 2710 1863">
     <span class='ocr_line' id='line_1_10' title="bbox 344 887 2708 975; baseline 0 -21"><span class='ocrx_word' id='word_1_59' title='bbox 344 889 641 975; x_wconf 85' lang='lat' dir='ltr'><strong>pluribus</strong></span> <span class='ocrx_word' id='word_1_60' title='bbox 706 888 884 954; x_wconf 82' lang='lat' dir='ltr'><strong>salus</strong></span> <span class='ocrx_word' id='word_1_61' title='bbox 944 888 1085 953; x_wconf 87' lang='lat' dir='ltr'><strong>eius</strong></span> <span class='ocrx_word' id='word_1_62' title='bbox 1148 887 1527 971; x_wconf 72' lang='lat' dir='ltr'>curabatur,</span> <span class='ocrx_word' id='word_1_63' title='bbox 1590 890 1659 952; x_wconf 90' lang='lat' dir='ltr'><strong>et</strong></span> <span class='ocrx_word' id='word_1_64' title='bbox 1712 887 1996 971; x_wconf 77' lang='lat' dir='ltr'><strong>spatium</strong></span> <span class='ocrx_word' id='word_1_65' title='bbox 2058 887 2313 957; x_wconf 81' lang='lat' dir='ltr'><strong>itineris</strong></span> <span class='ocrx_word' id='word_1_66' title='bbox 2367 910 2448 955; x_wconf 81' lang='lat' dir='ltr'><strong>ac</strong></span> <span class='ocrx_word' id='word_1_67' title='bbox 2503 911 2708 955; x_wconf 80' lang='lat' dir='ltr'><strong>mans</strong></span> 
     </span>
     <span class='ocr_line' id='line_1_11' title="bbox 340 977 2702 1063; baseline -0 -18"><span class='ocrx_word' id='word_1_68' title='bbox 340 983 731 1063; x_wconf 76' lang='lat' dir='ltr'><strong>tempusque</strong></span> <span class='ocrx_word' id='word_1_69' title='bbox 759 977 1171 1043; x_wconf 85' lang='lat' dir='ltr'><strong>interiectum</strong></span> <span class='ocrx_word' id='word_1_70' title='bbox 1198 980 1497 1045; x_wconf 73' lang='lat' dir='ltr'><strong>moverat</strong></span> <span class='ocrx_word' id='word_1_71' title='bbox 1524 977 1798 1059; x_wconf 71' lang='lat' dir='ltr'><strong>famam3</strong></span> <span class='ocrx_word' id='word_1_72' title='bbox 1824 977 2153 1061; x_wconf 74' lang='lat' dir='ltr'><strong>vulgoque</strong></span> <span class='ocrx_word' id='word_1_73' title='bbox 2173 978 2515 1063; x_wconf 76' lang='lat' dir='ltr'><strong>fingebant</strong></span> <span class='ocrx_word' id='word_1_74' title='bbox 2540 980 2702 1063; x_wconf 85' lang='lat' dir='ltr'><strong>peti·</strong></span> 
     </span>
     <span class='ocr_line' id='line_1_12' title="bbox 341 1064 2702 1150; baseline 0 -17"><span class='ocrx_word' id='word_1_75' title='bbox 341 1071 482 1133; x_wconf 88' lang='lat' dir='ltr'><strong>tum</strong></span> <span class='ocrx_word' id='word_1_76' title='bbox 529 1068 611 1135; x_wconf 80' lang='lat' dir='ltr'><strong>ab</strong></span> <span class='ocrx_word' id='word_1_77' title='bbox 658 1087 735 1132; x_wconf 91' lang='lat' dir='ltr'><strong>eo</strong></span> <span class='ocrx_word' id='word_1_78' title='bbox 783 1064 1220 1133; x_wconf 78' lang='lat' dir='ltr'><strong>Corbulonem</strong></span> <span class='ocrx_word' id='word_1_79' title='bbox 1227 1086 1259 1150; x_wconf 78' lang='lat'><strong>,¹</strong></span> <span class='ocrx_word' id='word_1_80' title='bbox 1295 1065 1553 1150; x_wconf 82' lang='lat' dir='ltr'><strong>magnis</strong></span> <span class='ocrx_word' id='word_1_81' title='bbox 1598 1068 1740 1131; x_wconf 88' lang='lat' dir='ltr'><strong>tum</strong></span> <span class='ocrx_word' id='word_1_82' title='bbox 1784 1065 2174 1131; x_wconf 76' lang='lat' dir='ltr'><strong>exercitibus</strong></span> <span class='ocrx_word' id='word_1_83' title='bbox 2217 1067 2702 1150; x_wconf 73' lang='lat' dir='ltr'><strong>praesidentem</strong></span> 
     </span>
     <span class='ocr_line' id='line_1_13' title="bbox 270 1153 2703 1241; baseline 0 -19"><span class='ocrx_word' id='word_1_84' title='bbox 270 1171 305 1222; x_wconf 85' lang='grc'><strong>5</strong></span> <span class='ocrx_word' id='word_1_85' title='bbox 342 1160 436 1241; x_wconf 85' lang='lat' dir='ltr'><strong>et,</strong></span> <span class='ocrx_word' id='word_1_86' title='bbox 481 1156 641 1222; x_wconf 80' lang='lat' dir='ltr'><strong>clari</strong></span> <span class='ocrx_word' id='word_1_87' title='bbox 688 1158 885 1240; x_wconf 82' lang='lat' dir='ltr'><strong>atque</strong></span> <span class='ocrx_word' id='word_1_88' title='bbox 928 1155 1221 1221; x_wconf 84' lang='lat' dir='ltr'><strong>insontes</strong></span> <span class='ocrx_word' id='word_1_89' title='bbox 1263 1154 1323 1219; x_wconf 77' lang='lat' dir='ltr'><strong>si</strong></span> <span class='ocrx_word' id='word_1_90' title='bbox 1365 1153 1903 1238; x_wconf 76' lang='lat' dir='ltr'><strong>interficerentur,</strong></span> <span class='ocrx_word' id='word_1_91' title='bbox 1944 1155 2366 1239; x_wconf 77' lang='lat' dir='ltr'><strong>praecipuum</strong></span> <span class='ocrx_word' id='word_1_92' title='bbox 2412 1156 2499 1221; x_wconf 81' lang='lat' dir='ltr'><strong>ad</strong></span> <span class='ocrx_word' id='word_1_93' title='bbox 2541 1158 2703 1240; x_wconf 89' lang='lat' dir='ltr'><strong>peri-</strong></span> 
     </span>
     <span class='ocr_line' id='line_1_14' title="bbox 347 1241 2706 1329; baseline 0 -18"><span class='ocrx_word' id='word_1_94' title='bbox 347 1247 512 1311; x_wconf 87' lang='lat' dir='ltr'><strong>cula.</strong></span> <span class='ocrx_word' id='word_1_95' title='bbox 593 1244 750 1329; x_wconf 86' lang='lat' dir='ltr'><strong>quin</strong></span> <span class='ocrx_word' id='word_1_96' title='bbox 795 1247 864 1310; x_wconf 87' lang='lat' dir='ltr'><strong>et</strong></span> <span class='ocrx_word' id='word_1_97' title='bbox 906 1244 1138 1309; x_wconf 86' lang='lat' dir='ltr'><strong>Asiam</strong></span> <span class='ocrx_word' id='word_1_98' title='bbox 1182 1241 1405 1308; x_wconf 81' lang='lat' dir='ltr'><strong>favore</strong></span> <span class='ocrx_word' id='word_1_99' title='bbox 1450 1243 1702 1313; x_wconf 72' lang='lat' dir='ltr'><strong>invenis</strong></span> <span class='ocrx_word' id='word_1_100' title='bbox 1748 1262 1932 1308; x_wconf 81' lang='lat' dir='ltr'><strong>arma</strong></span> <span class='ocrx_word' id='word_1_101' title='bbox 1975 1244 2243 1328; x_wconf 85' lang='lat' dir='ltr'><strong>cepisse,</strong></span> <span class='ocrx_word' id='word_1_102' title='bbox 2292 1266 2417 1311; x_wconf 88' lang='lat' dir='ltr'><strong>nec</strong></span> <span class='ocrx_word' id='word_1_103' title='bbox 2461 1246 2706 1311; x_wconf 78' lang='lat' dir='ltr'><strong>milites</strong></span> 
     </span>
     <span class='ocr_line' id='line_1_15' title="bbox 340 1332 2704 1419; baseline 0 -19"><span class='ocrx_word' id='word_1_104' title='bbox 340 1334 427 1400; x_wconf 83' lang='lat' dir='ltr'><strong>ad</strong></span> <span class='ocrx_word' id='word_1_105' title='bbox 491 1335 703 1400; x_wconf 89' lang='lat' dir='ltr'><strong>scelus</strong></span> <span class='ocrx_word' id='word_1_106' title='bbox 768 1333 1005 1399; x_wconf 77' lang='lat' dir='ltr'><strong>missos</strong></span> <span class='ocrx_word' id='word_1_107' title='bbox 1070 1334 1186 1396; x_wconf 84' lang='lat' dir='ltr'><strong>aut</strong></span> <span class='ocrx_word' id='word_1_108' title='bbox 1246 1352 1519 1398; x_wconf 82' lang='lat' dir='ltr'><strong>numero</strong></span> <span class='ocrx_word' id='word_1_109' title='bbox 1583 1332 1835 1397; x_wconf 80' lang='lat' dir='ltr'><strong>validos</strong></span> <span class='ocrx_word' id='word_1_110' title='bbox 1901 1336 2016 1397; x_wconf 81' lang='lat' dir='ltr'><strong>aut</strong></span> <span class='ocrx_word' id='word_1_111' title='bbox 2069 1333 2288 1401; x_wconf 80' lang='lat' dir='ltr'><strong>animo</strong></span> <span class='ocrx_word' id='word_1_112' title='bbox 2343 1339 2704 1419; x_wconf 79' lang='lat' dir='ltr'><strong>promptos,</strong></span> 
     </span>
     <span class='ocr_line' id='line_1_16' title="bbox 340 1419 2704 1508; baseline 0.001 -20"><span class='ocrx_word' id='word_1_113' title='bbox 340 1426 691 1508; x_wconf 77' lang='lat' dir='ltr'><strong>postquam</strong></span> <span class='ocrx_word' id='word_1_114' title='bbox 745 1423 926 1488; x_wconf 81' lang='lat' dir='ltr'><strong>iussa</strong></span> <span class='ocrx_word' id='word_1_115' title='bbox 978 1419 1232 1488; x_wconf 85' lang='lat' dir='ltr'><strong>efficere</strong></span> <span class='ocrx_word' id='word_1_116' title='bbox 1276 1421 1720 1505; x_wconf 79' lang='lat' dir='ltr'><strong>nequiverint,</strong></span> <span class='ocrx_word' id='word_1_117' title='bbox 1775 1420 1857 1486; x_wconf 81' lang='lat' dir='ltr'><strong>ad</strong></span> <span class='ocrx_word' id='word_1_118' title='bbox 1901 1442 2051 1506; x_wconf 84' lang='lat' dir='ltr'><strong>spes</strong></span> <span class='ocrx_word' id='word_1_119' title='bbox 2105 1440 2311 1489; x_wconf 74' lang='lat' dir='ltr'><strong>novas</strong></span> <span class='ocrx_word' id='word_1_120' title='bbox 2367 1423 2704 1490; x_wconf 72' lang='lat' dir='ltr'><strong>transisse.</strong></span> 
     </span>
     <span class='ocr_line' id='line_1_17' title="bbox 343 1509 2704 1596; baseline 0 -19"><span class='ocrx_word' id='word_1_121' title='bbox 343 1533 513 1577; x_wconf 83' lang='lat' dir='ltr'><strong>vana</strong></span> <span class='ocrx_word' id='word_1_122' title='bbox 564 1511 730 1577; x_wconf 80' lang='lat' dir='ltr'><strong>haec</strong></span> <span class='ocrx_word' id='word_1_123' title='bbox 772 1532 953 1577; x_wconf 90' lang='lat' dir='ltr'><strong>more</strong></span> <span class='ocrx_word' id='word_1_124' title='bbox 1006 1509 1222 1577; x_wconf 85' lang='lat' dir='ltr'><strong>famae</strong></span> <span class='ocrx_word' id='word_1_125' title='bbox 1277 1509 1680 1577; x_wconf 88' lang='lat' dir='ltr'><strong>credentium</strong></span> <span class='ocrx_word' id='word_1_126' title='bbox 1721 1510 1860 1576; x_wconf 87' lang='lat' dir='ltr'><strong>otio</strong></span> <span class='ocrx_word' id='word_1_127' title='bbox 1906 1511 2335 1596; x_wconf 74' lang='lat' dir='ltr'><strong>augebantur.</strong></span> <span class='ocrx_word' id='word_1_128' title='bbox 2417 1517 2704 1578; x_wconf 88' lang='lat' dir='ltr'><strong>ceterum</strong></span> 
     </span>
     <span class='ocr_line' id='line_1_18' title="bbox 243 1594 2704 1683; baseline 0.001 -18"><span class='ocrx_word' id='word_1_129' title='bbox 243 1617 307 1667; x_wconf 84' lang='grc' dir='ltr'><strong>ιο</strong></span> <span class='ocrx_word' id='word_1_130' title='bbox 345 1600 619 1666; x_wconf 84' lang='lat' dir='ltr'><strong>libertus</strong></span> <span class='ocrx_word' id='word_1_131' title='bbox 674 1599 896 1664; x_wconf 85' lang='lat' dir='ltr'><strong>Plauti</strong></span> <span class='ocrx_word' id='word_1_132' title='bbox 949 1594 1280 1665; x_wconf 84' lang='lat' dir='ltr'><strong>celeritate</strong></span> <span class='ocrx_word' id='word_1_133' title='bbox 1333 1601 1677 1669; x_wconf 78' lang='lat' dir='ltr'><strong>ventorum</strong></span> <span class='ocrx_word' id='word_1_134' title='bbox 1739 1601 2074 1683; x_wconf 81' lang='lat' dir='ltr'><strong>praevenit</strong></span> <span class='ocrx_word' id='word_1_135' title='bbox 2136 1600 2587 1667; x_wconf 71' lang='lat' dir='ltr'><strong>centurionem</strong></span> <span class='ocrx_word' id='word_1_136' title='bbox 2643 1604 2704 1666; x_wconf 89' lang='lat' dir='ltr'><strong>et</strong></span> 
     </span>
     <span class='ocr_line' id='line_1_19' title="bbox 343 1688 2710 1775; baseline -0 -18"><span class='ocrx_word' id='word_1_137' title='bbox 343 1689 653 1757; x_wconf 82' lang='lat' dir='ltr'><strong>mandata</strong></span> <span class='ocrx_word' id='word_1_138' title='bbox 704 1688 776 1754; x_wconf 90' lang='lat' dir='ltr'><strong>L.</strong></span> <span class='ocrx_word' id='word_1_139' title='bbox 821 1688 1095 1755; x_wconf 75' lang='lat' dir='ltr'><strong>Antistii</strong></span> <span class='ocrx_word' id='word_1_140' title='bbox 1146 1688 1356 1753; x_wconf 86' lang='lat' dir='ltr'><strong>soceri</strong></span> <span class='ocrx_word' id='word_1_141' title='bbox 1412 1688 1662 1754; x_wconf 79' lang='lat' dir='ltr'><strong>attulit:</strong></span> <span class='ocrx_word' id='word_1_142' title='bbox 1717 1688 2032 1773; x_wconf 84' lang='lat' dir='ltr'><strong>effugeret</strong></span> <span class='ocrx_word' id='word_1_143' title='bbox 2081 1709 2356 1775; x_wconf 78' lang='lat' dir='ltr'><strong>segnem</strong></span> <span class='ocrx_word' id='word_1_144' title='bbox 2410 1694 2710 1775; x_wconf 82' lang='lat' dir='ltr'><strong>mortem,</strong></span> 
     </span>
     <span class='ocr_line' id='line_1_20' title="bbox 346 1776 2706 1863; baseline 0.001 -20"><span class='ocrx_word' id='word_1_145' title='bbox 346 1779 639 1844; x_wconf 89' lang='lat' dir='ltr'><strong>omnium</strong></span> <span class='ocrx_word' id='word_1_146' title='bbox 686 1776 1066 1862; x_wconf 80' lang='lat' dir='ltr'><strong>suffugium3</strong></span> <span class='ocrx_word' id='word_1_147' title='bbox 1114 1798 1192 1841; x_wconf 86' lang='lat' dir='ltr'><strong>ex</strong></span> <span class='ocrx_word' id='word_1_148' title='bbox 1236 1777 1463 1862; x_wconf 79' lang='lat' dir='ltr'><strong>magni</strong></span> <span class='ocrx_word' id='word_1_149' title='bbox 1505 1776 1789 1843; x_wconf 88' lang='lat' dir='ltr'><strong>nominis</strong></span> <span class='ocrx_word' id='word_1_150' title='bbox 1835 1777 2251 1845; x_wconf 75' lang='lat' dir='ltr'><strong>miseratione</strong></span> <span class='ocrx_word' id='word_1_151' title='bbox 2295 1783 2706 1863; x_wconf 82' lang='lat' dir='ltr'><strong>reperturum</strong></span> 
     </span>
    </p>
   </div>
   <div class='ocr_carea' id='block_1_7' title="bbox 341 1866 1552 1951">
    <p class='ocr_par' dir='ltr' id='par_1_7' title="bbox 341 1866 1552 1951">
     <span class='ocr_line' id='line_1_21' title="bbox 341 1866 1552 1951; baseline -0.001 -19"><span class='ocrx_word' id='word_1_152' title='bbox 341 1867 579 1951; x_wconf 85' lang='lat' dir='ltr'><strong>bonos,</strong></span> <span class='ocrx_word' id='word_1_153' title='bbox 659 1866 1178 1933; x_wconf 79' lang='lat' dir='ltr'><strong>consociaturum</strong></span> <span class='ocrx_word' id='word_1_154' title='bbox 1259 1866 1552 1932; x_wconf 84' lang='lat' dir='ltr'><strong>audaces.</strong></span> 
     </span>
    </p>
   </div>
   <div class='ocr_carea' id='block_1_8' title="bbox 1663 1865 2706 1939">
    <p class='ocr_par' dir='ltr' id='par_1_8' title="bbox 1663 1865 2706 1939">
     <span class='ocr_line' id='line_1_22' title="bbox 1663 1865 2706 1939; baseline 0 -6"><span class='ocrx_word' id='word_1_155' title='bbox 1663 1865 1917 1933; x_wconf 87' lang='lat' dir='ltr'><strong>nullum</strong></span> <span class='ocrx_word' id='word_1_156' title='bbox 1996 1867 2262 1935; x_wconf 86' lang='lat' dir='ltr'><strong>interim</strong></span> <span class='ocrx_word' id='word_1_157' title='bbox 2346 1869 2706 1939; x_wconf 79' lang='lat' dir='ltr'><strong>subsidium</strong></span> 
     </span>
    </p>
   </div>
   <div class='ocr_carea' id='block_1_9' title="bbox 242 1952 2710 2310">
    <p class='ocr_par' dir='ltr' id='par_1_9' title="bbox 242 1952 2710 2310">
     <span class='ocr_line' id='line_1_23' title="bbox 270 1952 2704 2044; baseline -0 -21"><span class='ocrx_word' id='word_1_158' title='bbox 270 2018 275 2023; x_wconf 86' lang='grc'><strong>.</strong></span> <span class='ocrx_word' id='word_1_159' title='bbox 347 1955 845 2040; x_wconf 76' lang='lat' dir='ltr'><strong>aspernandum.</strong></span> <span class='ocrx_word' id='word_1_160' title='bbox 910 1956 967 2020; x_wconf 90' lang='lat' dir='ltr'><strong>si</strong></span> <span class='ocrx_word' id='word_1_161' title='bbox 1014 1955 1354 2040; x_wconf 81' lang='lat' dir='ltr'><strong>sexaginta</strong></span> <span class='ocrx_word' id='word_1_162' title='bbox 1389 1955 1630 2020; x_wconf 89' lang='lat' dir='ltr'><strong>milites</strong></span> <span class='ocrx_word' id='word_1_163' title='bbox 1669 1952 1801 2041; x_wconf 91' lang='lat' dir='ltr'><strong>(tot</strong></span> <span class='ocrx_word' id='word_1_164' title='bbox 1835 1955 2010 2020; x_wconf 88' lang='lat' dir='ltr'><strong>enim</strong></span> <span class='ocrx_word' id='word_1_165' title='bbox 2048 1954 2513 2044; x_wconf 81' lang='lat' dir='ltr'><strong>adveniebant)</strong></span> <span class='ocrx_word' id='word_1_166' title='bbox 2558 1979 2704 2041; x_wconf 85' lang='lat' dir='ltr'><strong>pro·</strong></span> 
     </span>
     <span class='ocr_line' id='line_1_24' title="bbox 242 2042 2710 2136; baseline 0.001 -27"><span class='ocrx_word' id='word_1_167' title='bbox 242 2061 309 2110; x_wconf 86' lang='lat'><strong>15</strong></span> <span class='ocrx_word' id='word_1_168' title='bbox 349 2044 646 2136; x_wconf 73' lang='lat' dir='ltr'><strong>pulisset,</strong></span> <span class='ocrx_word' id='word_1_169' title='bbox 682 2044 835 2113; x_wconf 88' lang='lat' dir='ltr'><strong>dum</strong></span> <span class='ocrx_word' id='word_1_170' title='bbox 870 2043 1148 2111; x_wconf 82' lang='lat' dir='ltr'><strong>refertur</strong></span> <span class='ocrx_word' id='word_1_171' title='bbox 1172 2044 1442 2111; x_wconf 86' lang='lat' dir='ltr'><strong>nuntius</strong></span> <span class='ocrx_word' id='word_1_172' title='bbox 1470 2042 1737 2128; x_wconf 79' lang='lat' dir='ltr'><strong>Neroni,</strong></span> <span class='ocrx_word' id='word_1_173' title='bbox 1775 2043 1927 2109; x_wconf 89' lang='lat' dir='ltr'><strong>dum</strong></span> <span class='ocrx_word' id='word_1_174' title='bbox 1953 2065 2186 2113; x_wconf 80' lang='lat' dir='ltr'><strong>manus</strong></span> <span class='ocrx_word' id='word_1_175' title='bbox 2223 2045 2360 2110; x_wconf 80' lang='lat' dir='ltr'><strong>alia</strong></span> <span class='ocrx_word' id='word_1_176' title='bbox 2395 2050 2710 2131; x_wconf 78' lang='lat' dir='ltr'><strong>permeat,</strong></span> 
     </span>
     <span class='ocr_line' id='line_1_25' title="bbox 348 2132 2706 2220; baseline 0 -21"><span class='ocrx_word' id='word_1_177' title='bbox 348 2134 559 2201; x_wconf 85' lang='lat' dir='ltr'><strong>multa</strong></span> <span class='ocrx_word' id='word_1_178' title='bbox 598 2137 900 2201; x_wconf 82' lang='lat' dir='ltr'><strong>secutura</strong></span> <span class='ocrx_word' id='word_1_179' title='bbox 942 2155 1109 2218; x_wconf 83' lang='lat' dir='ltr'><strong>quae</strong></span> <span class='ocrx_word' id='word_1_180' title='bbox 1147 2133 1435 2217; x_wconf 85' lang='lat' dir='ltr'><strong>adusque</strong></span> <span class='ocrx_word' id='word_1_181' title='bbox 1473 2133 1721 2201; x_wconf 87' lang='lat' dir='ltr'><strong>bellum</strong></span> <span class='ocrx_word' id='word_1_182' title='bbox 1751 2132 2208 2199; x_wconf 85' lang='lat' dir='ltr'><strong>evalescerent.</strong></span> <span class='ocrx_word' id='word_1_183' title='bbox 2274 2135 2555 2220; x_wconf 88' lang='lat' dir='ltr'><strong>denique</strong></span> <span class='ocrx_word' id='word_1_184' title='bbox 2593 2139 2706 2201; x_wconf 75' lang='lat' dir='ltr'><strong>aut</strong></span> 
     </span>
     <span class='ocr_line' id='line_1_26' title="bbox 347 2221 2704 2310; baseline 0 -21"><span class='ocrx_word' id='word_1_185' title='bbox 347 2225 624 2289; x_wconf 85' lang='lat' dir='ltr'><strong>salutem</strong></span> <span class='ocrx_word' id='word_1_186' title='bbox 677 2223 801 2291; x_wconf 68' lang='lat' dir='ltr'><strong>tali</strong></span> <span class='ocrx_word' id='word_1_187' title='bbox 852 2222 1125 2288; x_wconf 87' lang='lat' dir='ltr'><strong>consilio</strong></span> <span class='ocrx_word' id='word_1_188' title='bbox 1186 2222 1433 2307; x_wconf 79' lang='lat' dir='ltr'><strong>quaeri,</strong></span> <span class='ocrx_word' id='word_1_189' title='bbox 1493 2225 1607 2289; x_wconf 83' lang='lat' dir='ltr'><strong>aut</strong></span> <span class='ocrx_word' id='word_1_190' title='bbox 1662 2221 1829 2287; x_wconf 90' lang='lat' dir='ltr'><strong>nihil</strong></span> <span class='ocrx_word' id='word_1_191' title='bbox 1881 2223 2145 2308; x_wconf 69' lang='lat' dir='ltr'><strong>gravius</strong></span> <span class='ocrx_word' id='word_1_192' title='bbox 2189 2223 2464 2291; x_wconf 80' lang='lat' dir='ltr'><strong>audenti</strong></span> <span class='ocrx_word' id='word_1_193' title='bbox 2513 2244 2704 2310; x_wconf 75' lang='lat' dir='ltr'><strong>quam</strong></span> 
     </span>
    </p>
   </div>
   <div class='ocr_carea' id='block_1_10' title="bbox 346 2312 1216 2399">
    <p class='ocr_par' dir='ltr' id='par_1_10' title="bbox 346 2312 1216 2399">
     <span class='ocr_line' id='line_1_27' title="bbox 346 2312 1216 2399; baseline 0.002 -21"><span class='ocrx_word' id='word_1_194' title='bbox 346 2313 586 2399; x_wconf 79' lang='lat' dir='ltr'><strong>ignavo</strong></span> <span class='ocrx_word' id='word_1_195' title='bbox 632 2312 1010 2397; x_wconf 74' lang='lat' dir='ltr'><strong>patiendum</strong></span> <span class='ocrx_word' id='word_1_196' title='bbox 1046 2332 1216 2386; x_wconf 80' lang='lat' dir='ltr'><strong>esse.</strong></span> 
     </span>
    </p>
   </div>
   <div class='ocr_carea' id='block_1_11' title="bbox 344 2473 1472 3480">
    <p class='ocr_par' dir='ltr' id='par_1_11' title="bbox 344 2473 1471 2847">
     <span class='ocr_line' id='line_1_28' title="bbox 419 2473 1468 2543; baseline -0.001 -1"><span class='ocrx_word' id='word_1_197' title='bbox 419 2493 504 2542; x_wconf 98' lang='grc'><strong>16.</strong></span> <span class='ocrx_word' id='word_1_198' title='bbox 552 2473 704 2543; x_wconf 69' lang='lat' dir='ltr'><strong>Uber</strong></span> <span class='ocrx_word' id='word_1_199' title='bbox 748 2488 850 2542; x_wconf 83' lang='lat' dir='ltr'><strong>das</strong></span> <span class='ocrx_word' id='word_1_200' title='bbox 896 2487 1110 2542; x_wconf 88' lang='lat' dir='ltr'><strong>seltene</strong></span> <span class='ocrx_word' id='word_1_201' title='bbox 1162 2486 1468 2542; x_wconf 79' lang='lat' dir='ltr'><strong>imitamen-</strong></span> 
     </span>
     <span class='ocr_line' id='line_1_29' title="bbox 344 2557 1471 2627; baseline -0.002 -14"><span class='ocrx_word' id='word_1_202' title='bbox 344 2562 462 2614; x_wconf 76' lang='lat' dir='ltr'><strong>tum</strong></span> <span class='ocrx_word' id='word_1_203' title='bbox 489 2578 531 2614; x_wconf 87' lang='lat' dir='ltr'><strong>s.</strong></span> <span class='ocrx_word' id='word_1_204' title='bbox 561 2576 628 2613; x_wconf 86' lang='lat' dir='ltr'><strong>zu</strong></span> <span class='ocrx_word' id='word_1_205' title='bbox 657 2565 741 2625; x_wconf 86' lang='lat'><strong>13,</strong></span> <span class='ocrx_word' id='word_1_206' title='bbox 768 2564 821 2615; x_wconf 84' lang='lat'><strong>4.</strong></span> <span class='ocrx_word' id='word_1_207' title='bbox 852 2589 918 2598; x_wconf 92' lang='lat'><strong>-—-</strong></span> <span class='ocrx_word' id='word_1_208' title='bbox 957 2559 1309 2627; x_wconf 77' lang='lat' dir='ltr'><strong>adroycmtia,</strong></span> <span class='ocrx_word' id='word_1_209' title='bbox 1338 2557 1471 2618; x_wconf 84' lang='lat' dir='ltr'><strong>weil</strong></span> 
     </span>
     <span class='ocr_line' id='line_1_30' title="bbox 347 2628 1471 2697; baseline -0.001 -13"><span class='ocrx_word' id='word_1_210' title='bbox 347 2630 440 2686; x_wconf 89' lang='lat' dir='ltr'><strong>die</strong></span> <span class='ocrx_word' id='word_1_211' title='bbox 470 2629 713 2697; x_wconf 82' lang='lat' dir='ltr'><strong>Stoiker‚</strong></span> <span class='ocrx_word' id='word_1_212' title='bbox 750 2649 820 2684; x_wconf 84' lang='lat' dir='ltr'><strong>zu</strong></span> <span class='ocrx_word' id='word_1_213' title='bbox 854 2629 1033 2685; x_wconf 83' lang='lat' dir='ltr'><strong>denen</strong></span> <span class='ocrx_word' id='word_1_214' title='bbox 1059 2647 1114 2683; x_wconf 95' lang='lat' dir='ltr'><strong>u.</strong></span> <span class='ocrx_word' id='word_1_215' title='bbox 1143 2644 1194 2683; x_wconf 79' lang='lat' dir='ltr'><strong>a.</strong></span> <span class='ocrx_word' id='word_1_216' title='bbox 1224 2628 1471 2684; x_wconf 80' lang='lat' dir='ltr'><strong>Thrasea</strong></span> 
     </span>
     <span class='ocr_line' id='line_1_31' title="bbox 346 2699 1468 2770; baseline 0.003 -15"><span class='ocrx_word' id='word_1_217' title='bbox 346 2701 608 2770; x_wconf 56' lang='lat' dir='ltr'><strong>geborim,</strong></span> <span class='ocrx_word' id='word_1_218' title='bbox 653 2702 955 2770; x_wconf 68' lang='lat' dir='ltr'><strong>Anhanger</strong></span> <span class='ocrx_word' id='word_1_219' title='bbox 997 2700 1098 2755; x_wconf 85' lang='lat' dir='ltr'><strong>der</strong></span> <span class='ocrx_word' id='word_1_220' title='bbox 1140 2699 1468 2770; x_wconf 73' lang='lat' dir='ltr'><strong>republika—</strong></span> 
     </span>
     <span class='ocr_line' id='line_1_32' title="bbox 347 2771 1202 2847; baseline 0 -21"><span class='ocrx_word' id='word_1_221' title='bbox 347 2771 583 2827; x_wconf 84' lang='lat' dir='ltr'><strong>nischen</strong></span> <span class='ocrx_word' id='word_1_222' title='bbox 616 2771 965 2841; x_wconf 75' lang='lat' dir='ltr'><strong>Verfassung</strong></span> <span class='ocrx_word' id='word_1_223' title='bbox 998 2787 1202 2847; x_wconf 67' lang='lat' dir='ltr'><strong>waten.</strong></span> 
     </span>
    </p>

    <p class='ocr_par' dir='ltr' id='par_1_12' title="bbox 344 2842 1472 3394">
     <span class='ocr_line' id='line_1_33' title="bbox 420 2842 1469 2908; baseline -0.001 -10"><span class='ocrx_word' id='word_1_224' title='bbox 420 2849 503 2898; x_wconf 84' lang='lat'><strong>17.</strong></span> <span class='ocrx_word' id='word_1_225' title='bbox 568 2843 826 2899; x_wconf 63' lang='lat' dir='ltr'><strong>turbidus</strong></span> <span class='ocrx_word' id='word_1_226' title='bbox 888 2844 1033 2898; x_wconf 77' lang='lat' dir='ltr'><strong>statt</strong></span> <span class='ocrx_word' id='word_1_227' title='bbox 1103 2842 1469 2908; x_wconf 56' lang='lat' dir='ltr'><strong>mmmmm,</strong></span> 
     </span>
     <span class='ocr_line' id='line_1_34' title="bbox 344 2913 1467 2982; baseline -0.003 -12"><span class='ocrx_word' id='word_1_228' title='bbox 344 2915 661 2982; x_wconf 66' lang='lat' dir='ltr'><strong>seditiosus,</strong></span> <span class='ocrx_word' id='word_1_229' title='bbox 713 2913 774 2969; x_wconf 89' lang='lat' dir='ltr'><strong>in</strong></span> <span class='ocrx_word' id='word_1_230' title='bbox 819 2913 1032 2969; x_wconf 82' lang='lat' dir='ltr'><strong>diesem</strong></span> <span class='ocrx_word' id='word_1_231' title='bbox 1077 2914 1246 2968; x_wconf 86' lang='lat' dir='ltr'><strong>Sinne</strong></span> <span class='ocrx_word' id='word_1_232' title='bbox 1296 2914 1467 2970; x_wconf 73' lang='lat' dir='ltr'><strong>nech-</strong></span> 
     </span>
     <span class='ocr_line' id='line_1_35' title="bbox 345 2983 1469 3054; baseline -0.003 -13"><span class='ocrx_word' id='word_1_233' title='bbox 345 2985 649 3051; x_wconf 80' lang='lat' dir='ltr'><strong>klassisch‚</strong></span> <span class='ocrx_word' id='word_1_234' title='bbox 687 2985 834 3041; x_wconf 89' lang='lat' dir='ltr'><strong>doch</strong></span> <span class='ocrx_word' id='word_1_235' title='bbox 868 2985 962 3039; x_wconf 88' lang='lat' dir='ltr'><strong>bei</strong></span> <span class='ocrx_word' id='word_1_236' title='bbox 996 2983 1126 3040; x_wconf 76' lang='lat' dir='ltr'><strong>Tac.</strong></span> <span class='ocrx_word' id='word_1_237' title='bbox 1162 2985 1371 3054; x_wconf 66' lang='lat' dir='ltr'><strong>haufig.</strong></span> <span class='ocrx_word' id='word_1_238' title='bbox 1398 3014 1469 3024; x_wconf 89' lang='lat'><strong>—-</strong></span> 
     </span>
     <span class='ocr_line' id='line_1_36' title="bbox 347 3055 1469 3126; baseline -0.003 -14"><span class='ocrx_word' id='word_1_239' title='bbox 347 3057 568 3126; x_wconf 76' lang='lat' dir='ltr'><strong>myctia</strong></span> <span class='ocrx_word' id='word_1_240' title='bbox 604 3056 729 3116; x_wconf 88' lang='lat' dir='ltr'><strong>sind</strong></span> <span class='ocrx_word' id='word_1_241' title='bbox 767 3055 1278 3126; x_wconf 66' lang='lat' dir='ltr'><strong>Staatsgeschafte‚</strong></span> <span class='ocrx_word' id='word_1_242' title='bbox 1323 3055 1469 3125; x_wconf 83' lang='lat' dir='ltr'><strong>poli·</strong></span> 
     </span>
     <span class='ocr_line' id='line_1_37' title="bbox 346 3126 1472 3196; baseline -0.002 -14"><span class='ocrx_word' id='word_1_243' title='bbox 346 3127 529 3182; x_wconf 85' lang='lat' dir='ltr'><strong>tische</strong></span> <span class='ocrx_word' id='word_1_244' title='bbox 567 3127 915 3196; x_wconf 67' lang='lat' dir='ltr'><strong>Thatigkeit.</strong></span> <span class='ocrx_word' id='word_1_245' title='bbox 951 3156 1023 3167; x_wconf 92' lang='lat'><strong>—</strong></span> <span class='ocrx_word' id='word_1_246' title='bbox 1069 3128 1328 3195; x_wconf 67' lang='lat' dir='ltr'><strong>adpetens</strong></span> <span class='ocrx_word' id='word_1_247' title='bbox 1364 3126 1472 3187; x_wconf 75' lang='lat' dir='ltr'><strong>mit</strong></span> 
     </span>
     <span class='ocr_line' id='line_1_38' title="bbox 349 3196 1469 3264; baseline -0.002 -11"><span class='ocrx_word' id='word_1_248' title='bbox 349 3198 477 3253; x_wconf 88' lang='lat' dir='ltr'><strong>dem</strong></span> <span class='ocrx_word' id='word_1_249' title='bbox 507 3196 747 3251; x_wconf 83' lang='lat' dir='ltr'><strong>Genetiv</strong></span> <span class='ocrx_word' id='word_1_250' title='bbox 774 3197 921 3251; x_wconf 85' lang='lat' dir='ltr'><strong>auch</strong></span> <span class='ocrx_word' id='word_1_251' title='bbox 956 3196 1085 3252; x_wconf 87' lang='lat' dir='ltr'><strong>hist.</strong></span> <span class='ocrx_word' id='word_1_252' title='bbox 1117 3202 1165 3263; x_wconf 88' lang='lat'><strong>1,</strong></span> <span class='ocrx_word' id='word_1_253' title='bbox 1192 3202 1280 3251; x_wconf 88' lang='grc'><strong>49.</strong></span> <span class='ocrx_word' id='word_1_254' title='bbox 1319 3203 1371 3264; x_wconf 81' lang='grc'><strong>3,</strong></span> <span class='ocrx_word' id='word_1_255' title='bbox 1399 3203 1469 3251; x_wconf 84' lang='grc'><strong>39</strong></span> 
     </span>
     <span class='ocr_line' id='line_1_39' title="bbox 349 3265 1470 3335; baseline 0 -12"><span class='ocrx_word' id='word_1_256' title='bbox 349 3269 466 3323; x_wconf 87' lang='lat' dir='ltr'><strong>und</strong></span> <span class='ocrx_word' id='word_1_257' title='bbox 520 3268 694 3335; x_wconf 60' lang='grc' dir='ltr'><strong>δῆρις</strong></span> <span class='ocrx_word' id='word_1_258' title='bbox 749 3268 924 3323; x_wconf 88' lang='lat' dir='ltr'><strong>schon</strong></span> <span class='ocrx_word' id='word_1_259' title='bbox 976 3268 1071 3322; x_wconf 84' lang='lat' dir='ltr'><strong>bei</strong></span> <span class='ocrx_word' id='word_1_260' title='bbox 1116 3265 1307 3324; x_wconf 83' lang='lat' dir='ltr'><strong>Cicero</strong></span> <span class='ocrx_word' id='word_1_261' title='bbox 1352 3268 1470 3323; x_wconf 87' lang='lat' dir='ltr'><strong>und</strong></span> 
     </span>
     <span class='ocr_line' id='line_1_40' title="bbox 349 3338 576 3394; baseline -0.004 0"><span class='ocrx_word' id='word_1_262' title='bbox 349 3338 576 3394; x_wconf 79' lang='lat' dir='ltr'><strong>Sallust.</strong></span> 
     </span>
    </p>

    <p class='ocr_par' dir='ltr' id='par_1_13' title="bbox 421 3408 1468 3480">
     <span class='ocr_line' id='line_1_41' title="bbox 421 3408 1468 3480; baseline 0 -15"><span class='ocrx_word' id='word_1_263' title='bbox 421 3416 509 3466; x_wconf 97' lang='grc'><strong>20.</strong></span> <span class='ocrx_word' id='word_1_264' title='bbox 564 3414 872 3480; x_wconf 76' lang='lat' dir='ltr'><strong>tamquam,</strong></span> <span class='ocrx_word' id='word_1_265' title='bbox 934 3409 1160 3479; x_wconf 78' lang='lat' dir='ltr'><strong>kausal,</strong></span> <span class='ocrx_word' id='word_1_266' title='bbox 1225 3428 1267 3465; x_wconf 89' lang='lat' dir='ltr'><strong>s.</strong></span> <span class='ocrx_word' id='word_1_267' title='bbox 1323 3408 1468 3465; x_wconf 85' lang='lat' dir='ltr'><strong>Einl.</strong></span> 
     </span>
    </p>
   </div>
   <div class='ocr_carea' id='block_1_12' title="bbox 346 3622 1476 4332">
    <p class='ocr_par' dir='ltr' id='par_1_14' title="bbox 346 3622 1474 3978">
     <span class='ocr_line' id='line_1_42' title="bbox 346 3622 1471 3687; baseline -0.001 -9"><span class='ocrx_word' id='word_1_268' title='bbox 346 3677 351 3687; x_wconf 89' lang='grc'>,</span> <span class='ocrx_word' id='word_1_269' title='bbox 422 3622 519 3678; x_wconf 82' lang='lat'><strong>58.</strong></span> <span class='ocrx_word' id='word_1_270' title='bbox 566 3628 616 3677; x_wconf 88' lang='grc'><strong>2.</strong></span> <span class='ocrx_word' id='word_1_271' title='bbox 655 3639 724 3678; x_wconf 85' lang='lat' dir='ltr'><strong>ac</strong></span> <span class='ocrx_word' id='word_1_272' title='bbox 755 3625 943 3680; x_wconf 76' lang='lat' dir='ltr'><strong>maris.</strong></span> <span class='ocrx_word' id='word_1_273' title='bbox 998 3623 1187 3678; x_wconf 85' lang='lat' dir='ltr'><strong>Durch</strong></span> <span class='ocrx_word' id='word_1_274' title='bbox 1224 3639 1292 3678; x_wconf 83' lang='lat' dir='ltr'><strong>ac</strong></span> <span class='ocrx_word' id='word_1_275' title='bbox 1326 3622 1471 3677; x_wconf 70' lang='lat' dir='ltr'><strong>vird</strong></span> 
     </span>
     <span class='ocr_line' id='line_1_43' title="bbox 350 3693 1472 3765; baseline -0.001 -15"><span class='ocrx_word' id='word_1_276' title='bbox 350 3695 480 3750; x_wconf 89' lang='lat' dir='ltr'><strong>dem</strong></span> <span class='ocrx_word' id='word_1_277' title='bbox 499 3693 890 3765; x_wconf 85' lang='lat' dir='ltr'><strong>Allgemeinen</strong></span> <span class='ocrx_word' id='word_1_278' title='bbox 917 3695 1018 3750; x_wconf 82' lang='lat' dir='ltr'><strong>das</strong></span> <span class='ocrx_word' id='word_1_279' title='bbox 1050 3693 1320 3764; x_wconf 81' lang='lat' dir='ltr'><strong>Spezielle</strong></span> <span class='ocrx_word' id='word_1_280' title='bbox 1349 3694 1472 3749; x_wconf 85' lang='lat' dir='ltr'><strong>hin·</strong></span> 
     </span>
     <span class='ocr_line' id='line_1_44' title="bbox 351 3766 1474 3837; baseline -0.001 -16"><span class='ocrx_word' id='word_1_281' title='bbox 351 3766 643 3837; x_wconf 70' lang='lat' dir='ltr'><strong>zugeft‘igt,</strong></span> <span class='ocrx_word' id='word_1_282' title='bbox 700 3766 808 3820; x_wconf 79' lang='lat' dir='ltr'><strong>wie</strong></span> <span class='ocrx_word' id='word_1_283' title='bbox 854 3767 976 3823; x_wconf 84' lang='lat' dir='ltr'><strong>Liv.</strong></span> <span class='ocrx_word' id='word_1_284' title='bbox 1024 3773 1074 3836; x_wconf 81' lang='lat'><strong>7,</strong></span> <span class='ocrx_word' id='word_1_285' title='bbox 1119 3772 1185 3820; x_wconf 84' lang='lat'><strong>13</strong></span> <span class='ocrx_word' id='word_1_286' title='bbox 1239 3766 1352 3821; x_wconf 79' lang='lat' dir='ltr'><strong>viri</strong></span> <span class='ocrx_word' id='word_1_287' title='bbox 1405 3780 1474 3820; x_wconf 82' lang='lat' dir='ltr'><strong>ac</strong></span> 
     </span>
     <span class='ocr_line' id='line_1_45' title="bbox 350 3837 1473 3907; baseline -0.002 -15"><span class='ocrx_word' id='word_1_288' title='bbox 350 3837 609 3894; x_wconf 77' lang='lat' dir='ltr'><strong>Romani.</strong></span> <span class='ocrx_word' id='word_1_289' title='bbox 648 3842 735 3905; x_wconf 83' lang='grc'><strong>23,</strong></span> <span class='ocrx_word' id='word_1_290' title='bbox 765 3843 834 3892; x_wconf 80' lang='grc'><strong>33</strong></span> <span class='ocrx_word' id='word_1_291' title='bbox 875 3837 1351 3907; x_wconf 70' lang='lat' dir='ltr'><strong>Carthayimienses</strong></span> <span class='ocrx_word' id='word_1_292' title='bbox 1388 3841 1473 3891; x_wconf 83' lang='lat' dir='ltr'><strong>at·</strong></span> 
     </span>
     <span class='ocr_line' id='line_1_46' title="bbox 350 3909 799 3978; baseline 0.004 -15"><span class='ocrx_word' id='word_1_293' title='bbox 350 3924 453 3978; x_wconf 77' lang='lat' dir='ltr'><strong>que</strong></span> <span class='ocrx_word' id='word_1_294' title='bbox 488 3909 799 3965; x_wconf 71' lang='lat' dir='ltr'><strong>Hannibal.</strong></span> 
     </span>
    </p>

    <p class='ocr_par' dir='ltr' id='par_1_15' title="bbox 353 3981 1475 4106">
     <span class='ocr_line' id='line_1_47' title="bbox 424 3981 1475 4049; baseline 0 -16"><span class='ocrx_word' id='word_1_295' title='bbox 424 3985 474 4036; x_wconf 88' lang='lat'><strong>3.</strong></span> <span class='ocrx_word' id='word_1_296' title='bbox 505 3982 743 4049; x_wconf 80' lang='lat' dir='ltr'><strong>petitwm</strong></span> <span class='ocrx_word' id='word_1_297' title='bbox 770 3981 869 4035; x_wconf 92' lang='lat' dir='ltr'><strong>ctt.</strong></span> <span class='ocrx_word' id='word_1_298' title='bbox 909 4005 977 4027; x_wconf 86' lang='lat'><strong>==</strong></span> <span class='ocrx_word' id='word_1_299' title='bbox 1009 3981 1317 4049; x_wconf 72' lang='lat' dir='ltr'><strong>profectum</strong></span> <span class='ocrx_word' id='word_1_300' title='bbox 1353 3996 1475 4033; x_wconf 79' lang='lat' dir='ltr'><strong>eum</strong></span> 
     </span>
     <span class='ocr_line' id='line_1_48' title="bbox 353 4050 838 4106; baseline 0.002 -1"><span class='ocrx_word' id='word_1_301' title='bbox 353 4051 430 4105; x_wconf 79' lang='lat' dir='ltr'><strong>ad</strong></span> <span class='ocrx_word' id='word_1_302' title='bbox 468 4050 838 4106; x_wconf 77' lang='lat' dir='ltr'><strong>Corbulonem.</strong></span> 
     </span>
    </p>

    <p class='ocr_par' dir='ltr' id='par_1_16' title="bbox 354 4122 1476 4332">
     <span class='ocr_line' id='line_1_49' title="bbox 424 4122 1475 4190; baseline 0.003 -17"><span class='ocrx_word' id='word_1_303' title='bbox 424 4125 475 4177; x_wconf 89' lang='lat'><strong>4.</strong></span> <span class='ocrx_word' id='word_1_304' title='bbox 506 4123 822 4189; x_wconf 77' lang='lat' dir='ltr'><strong>praesidere</strong></span> <span class='ocrx_word' id='word_1_305' title='bbox 848 4122 1112 4178; x_wconf 70' lang='lat' dir='ltr'><strong>exercitui</strong></span> <span class='ocrx_word' id='word_1_306' title='bbox 1139 4122 1281 4177; x_wconf 80' lang='lat' dir='ltr'><strong>statt</strong></span> <span class='ocrx_word' id='word_1_307' title='bbox 1311 4138 1475 4190; x_wconf 80' lang='lat' dir='ltr'><strong>prae-</strong></span> 
     </span>
     <span class='ocr_line' id='line_1_50' title="bbox 354 4189 1476 4249; baseline 0.004 -6"><span class='ocrx_word' id='word_1_308' title='bbox 354 4205 464 4244; x_wconf 76' lang='lat' dir='ltr'><strong>esse</strong></span> <span class='ocrx_word' id='word_1_309' title='bbox 488 4189 565 4245; x_wconf 87' lang='lat' dir='ltr'><strong>ist</strong></span> <span class='ocrx_word' id='word_1_310' title='bbox 592 4192 1033 4249; x_wconf 79' lang='lat' dir='ltr'><strong>nachklassisch.</strong></span> <span class='ocrx_word' id='word_1_311' title='bbox 1081 4194 1145 4247; x_wconf 93' lang='lat' dir='ltr'><strong>In</strong></span> <span class='ocrx_word' id='word_1_312' title='bbox 1180 4193 1476 4248; x_wconf 84' lang='lat' dir='ltr'><strong>derselben</strong></span> 
     </span>
     <span class='ocr_line' id='line_1_51' title="bbox 355 4258 1475 4332; baseline 0.007 -19"><span class='ocrx_word' id='word_1_313' title='bbox 355 4258 688 4332; x_wconf 86' lang='lat' dir='ltr'><strong>Bedeutung</strong></span> <span class='ocrx_word' id='word_1_314' title='bbox 732 4263 840 4318; x_wconf 86' lang='lat' dir='ltr'><strong>mit</strong></span> <span class='ocrx_word' id='word_1_315' title='bbox 883 4264 1012 4319; x_wconf 90' lang='lat' dir='ltr'><strong>dem</strong></span> <span class='ocrx_word' id='word_1_316' title='bbox 1047 4263 1373 4320; x_wconf 73' lang='lat' dir='ltr'><strong>Accusativt</strong></span> <span class='ocrx_word' id='word_1_317' title='bbox 1421 4269 1475 4332; x_wconf 81' lang='lat'><strong>3,</strong></span> 
     </span>
    </p>
   </div>
   <div class='ocr_carea' id='block_1_13' title="bbox 1570 2487 2704 2769">
    <p class='ocr_par' dir='ltr' id='par_1_17' title="bbox 1570 2487 2704 2769">
     <span class='ocr_line' id='line_1_52' title="bbox 1576 2487 2704 2559; baseline 0.005 -18"><span class='ocrx_word' id='word_1_318' title='bbox 1576 2491 1646 2542; x_wconf 83' lang='lat'><strong>39</strong></span> <span class='ocrx_word' id='word_1_319' title='bbox 1693 2488 1745 2541; x_wconf 78' lang='lat' dir='ltr'><strong>is</strong></span> <span class='ocrx_word' id='word_1_320' title='bbox 1784 2487 2108 2556; x_wconf 74' lang='lat' dir='ltr'><strong>proximum</strong></span> <span class='ocrx_word' id='word_1_321' title='bbox 2151 2490 2450 2545; x_wconf 75' lang='lat' dir='ltr'><strong>exercitum</strong></span> <span class='ocrx_word' id='word_1_322' title='bbox 2497 2492 2704 2559; x_wconf 62' lang='lat' dir='ltr'><strong>praesc·-</strong></span> 
     </span>
     <span class='ocr_line' id='line_1_53' title="bbox 1570 2559 2700 2769; baseline 0.001 -84"><span class='ocrx_word' id='word_1_323' title='bbox 1570 2559 1831 2769; x_wconf 39' lang='lat' dir='ltr'><strong>gagg-ad</strong></span> <span class='ocrx_word' id='word_1_324' title='bbox 1874 2630 2159 2698; x_wconf 64' lang='lat' dir='ltr'><strong>pem-ula,</strong></span> <span class='ocrx_word' id='word_1_325' title='bbox 2220 2628 2476 2685; x_wconf 64' lang='lat' dir='ltr'><strong>namlich</strong></span> <span class='ocrx_word' id='word_1_326' title='bbox 2529 2630 2700 2686; x_wconf 69' lang='lat' dir='ltr'><strong>eusci-</strong></span> 
     </span>
     <span class='ocr_line' id='line_1_54' title="bbox 1748 2717 1799 2754; baseline 0 0"><span class='ocrx_word' id='word_1_327' title='bbox 1748 2717 1799 2754; x_wconf 87' lang='lat' dir='ltr'><strong>a.</strong></span> 
     </span>
    </p>
   </div>
   <div class='ocr_carea' id='block_1_14' title="bbox 1647 2751 2806 2828">
    <p class='ocr_par' dir='ltr' id='par_1_18' title="bbox 1647 2751 2806 2828">
     <span class='ocr_line' id='line_1_55' title="bbox 1647 2751 2806 2828; baseline 0.003 -4"><span class='ocrx_word' id='word_1_328' title='bbox 1647 2777 1696 2828; x_wconf 84' lang='lat'><strong>9.</strong></span> <span class='ocrx_word' id='word_1_329' title='bbox 1734 2771 1847 2826; x_wconf 76' lang='lat' dir='ltr'><strong>otio</strong></span> <span class='ocrx_word' id='word_1_330' title='bbox 1879 2769 2108 2826; x_wconf 86' lang='lat' dir='ltr'><strong>bezieht</strong></span> <span class='ocrx_word' id='word_1_331' title='bbox 2134 2770 2257 2827; x_wconf 89' lang='lat' dir='ltr'><strong>sich</strong></span> <span class='ocrx_word' id='word_1_332' title='bbox 2295 2751 2395 2826; x_wconf 69' lang='lat' dir='ltr'><strong>auf</strong></span> <span class='ocrx_word' id='word_1_333' title='bbox 2429 2770 2522 2826; x_wconf 91' lang='lat' dir='ltr'><strong>die</strong></span> <span class='ocrx_word' id='word_1_334' title='bbox 2551 2772 2696 2828; x_wconf 77' lang='lat' dir='ltr'><strong>zahl·</strong></span> <span class='ocrx_word' id='word_1_335' title='bbox 2805 2779 2806 2788; x_wconf 60' lang='lat'>¹</span> 
     </span>
    </p>
   </div>
   <div class='ocr_carea' id='block_1_15' title="bbox 1572 2840 2700 2969">
    <p class='ocr_par' dir='ltr' id='par_1_19' title="bbox 1572 2840 2700 2969">
     <span class='ocr_line' id='line_1_56' title="bbox 1572 2840 2695 2913; baseline 0.003 -18"><span class='ocrx_word' id='word_1_336' title='bbox 1572 2840 1801 2898; x_wconf 83' lang='lat' dir='ltr'><strong>reichen</strong></span> <span class='ocrx_word' id='word_1_337' title='bbox 1872 2842 2368 2913; x_wconf 68' lang='lat' dir='ltr'><strong>unbeschaftigten</strong></span> <span class='ocrx_word' id='word_1_338' title='bbox 2441 2843 2695 2898; x_wconf 73' lang='lat' dir='ltr'><strong>Pflastet·</strong></span> 
     </span>
     <span class='ocr_line' id='line_1_57' title="bbox 1574 2912 2700 2969; baseline 0 -1"><span class='ocrx_word' id='word_1_339' title='bbox 1574 2915 1749 2968; x_wconf 86' lang='lat' dir='ltr'><strong>treter</strong></span> <span class='ocrx_word' id='word_1_340' title='bbox 1783 2914 1843 2968; x_wconf 88' lang='lat' dir='ltr'><strong>in</strong></span> <span class='ocrx_word' id='word_1_341' title='bbox 1879 2912 2041 2968; x_wconf 86' lang='lat' dir='ltr'><strong>Rom.</strong></span> <span class='ocrx_word' id='word_1_342' title='bbox 2081 2944 2150 2955; x_wconf 88' lang='lat'>-</span> <span class='ocrx_word' id='word_1_343' title='bbox 2198 2920 2429 2969; x_wconf 76' lang='lat' dir='ltr'><strong>ceterum</strong></span> <span class='ocrx_word' id='word_1_344' title='bbox 2467 2916 2613 2969; x_wconf 80' lang='lat' dir='ltr'><strong>statt</strong></span> <span class='ocrx_word' id='word_1_345' title='bbox 2643 2929 2700 2968; x_wconf 77' lang='lat' dir='ltr'><strong>re</strong></span> 
     </span>
    </p>
   </div>
   <div class='ocr_carea' id='block_1_16' title="bbox 1574 2984 2804 3052">
    <p class='ocr_par' dir='ltr' id='par_1_20' title="bbox 1574 2984 2804 3052">
     <span class='ocr_line' id='line_1_58' title="bbox 1574 2984 2804 3052; baseline 0 -13"><span class='ocrx_word' id='word_1_346' title='bbox 1574 3001 1705 3039; x_wconf 80' lang='lat' dir='ltr'><strong>vera</strong></span> <span class='ocrx_word' id='word_1_347' title='bbox 1732 2990 1914 3039; x_wconf 75' lang='lat' dir='ltr'><strong>autem</strong></span> <span class='ocrx_word' id='word_1_348' title='bbox 1941 2986 2057 3039; x_wconf 87' lang='lat' dir='ltr'><strong>erst</strong></span> <span class='ocrx_word' id='word_1_349' title='bbox 2084 2985 2144 3039; x_wconf 91' lang='lat' dir='ltr'><strong>in</strong></span> <span class='ocrx_word' id='word_1_350' title='bbox 2172 2984 2280 3040; x_wconf 89' lang='lat' dir='ltr'><strong>den</strong></span> <span class='ocrx_word' id='word_1_351' title='bbox 2305 2984 2567 3040; x_wconf 84' lang='lat' dir='ltr'><strong>Annalen</strong></span> <span class='ocrx_word' id='word_1_352' title='bbox 2593 2985 2694 3039; x_wconf 79' lang='lat' dir='ltr'><strong>wie</strong></span> <span class='ocrx_word' id='word_1_353' title='bbox 2803 3041 2804 3052; x_wconf 19' lang='lat'>¹</span> 
     </span>
    </p>
   </div>
   <div class='ocr_carea' id='block_1_17' title="bbox 1576 3056 2702 3182">
    <p class='ocr_par' dir='ltr' id='par_1_21' title="bbox 1576 3056 2702 3182">
     <span class='ocr_line' id='line_1_59' title="bbox 1579 3056 2702 3123; baseline 0.003 -15"><span class='ocrx_word' id='word_1_354' title='bbox 1579 3060 1626 3122; x_wconf 85' lang='lat'><strong>1,</strong></span> <span class='ocrx_word' id='word_1_355' title='bbox 1669 3061 1753 3110; x_wconf 87' lang='grc'><strong>10.</strong></span> <span class='ocrx_word' id='word_1_356' title='bbox 1811 3061 1896 3122; x_wconf 88' lang='grc'><strong>15,</strong></span> <span class='ocrx_word' id='word_1_357' title='bbox 1934 3061 2020 3111; x_wconf 86' lang='grc'><strong>51.</strong></span> <span class='ocrx_word' id='word_1_358' title='bbox 2080 3061 2164 3123; x_wconf 88' lang='grc'><strong>16,</strong></span> <span class='ocrx_word' id='word_1_359' title='bbox 2203 3061 2288 3112; x_wconf 83' lang='grc'><strong>32.</strong></span> <span class='ocrx_word' id='word_1_360' title='bbox 2376 3056 2549 3112; x_wconf 87' lang='lat' dir='ltr'><strong>Sonst</strong></span> <span class='ocrx_word' id='word_1_361' title='bbox 2599 3073 2702 3111; x_wconf 83' lang='lat' dir='ltr'><strong>nur</strong></span> 
     </span>
     <span class='ocr_line' id='line_1_60' title="bbox 1576 3125 1938 3182; baseline -0.003 -1"><span class='ocrx_word' id='word_1_362' title='bbox 1576 3125 1671 3181; x_wconf 90' lang='lat' dir='ltr'><strong>bei</strong></span> <span class='ocrx_word' id='word_1_363' title='bbox 1700 3127 1938 3182; x_wconf 64' lang='lat' dir='ltr'><strong>‘Suetom</strong></span> 
     </span>
    </p>
   </div>
   <div class='ocr_carea' id='block_1_18' title="bbox 1576 3201 2698 3354">
    <p class='ocr_par' dir='ltr' id='par_1_22' title="bbox 1576 3201 2698 3354">
     <span class='ocr_line' id='line_1_61' title="bbox 1652 3201 2698 3272; baseline 0.003 -4"><span class='ocrx_word' id='word_1_364' title='bbox 1652 3221 1735 3269; x_wconf 91' lang='lat'><strong>11.</strong></span> <span class='ocrx_word' id='word_1_365' title='bbox 1780 3201 1933 3270; x_wconf 72' lang='lat' dir='ltr'><strong>&#39;Uber</strong></span> <span class='ocrx_word' id='word_1_366' title='bbox 1987 3214 2048 3270; x_wconf 83' lang='lat' dir='ltr'><strong>L.</strong></span> <span class='ocrx_word' id='word_1_367' title='bbox 2098 3215 2379 3271; x_wconf 83' lang='lat' dir='ltr'><strong>Antistius</strong></span> <span class='ocrx_word' id='word_1_368' title='bbox 2426 3215 2606 3272; x_wconf 84' lang='lat' dir='ltr'><strong>Vetus</strong></span> <span class='ocrx_word' id='word_1_369' title='bbox 2655 3229 2698 3271; x_wconf 70' lang='lat'><strong>⁸.</strong></span> 
     </span>
     <span class='ocr_line' id='line_1_62' title="bbox 1576 3292 1895 3354; baseline 0.009 -15"><span class='ocrx_word' id='word_1_370' title='bbox 1576 3304 1645 3339; x_wconf 82' lang='lat' dir='ltr'><strong>zu</strong></span> <span class='ocrx_word' id='word_1_371' title='bbox 1686 3292 1768 3354; x_wconf 90' lang='lat'><strong>13,</strong></span> <span class='ocrx_word' id='word_1_372' title='bbox 1813 3292 1895 3342; x_wconf 88' lang='lat'><strong>11.</strong></span> 
     </span>
    </p>
   </div>
   <div class='ocr_carea' id='block_1_19' title="bbox 1575 3373 2698 3589">
    <p class='ocr_par' dir='ltr' id='par_1_23' title="bbox 1575 3373 2698 3589">
     <span class='ocr_line' id='line_1_63' title="bbox 1654 3373 2692 3445; baseline 0.002 -17"><span class='ocrx_word' id='word_1_373' title='bbox 1654 3380 1736 3429; x_wconf 89' lang='grc'><strong>12.</strong></span> <span class='ocrx_word' id='word_1_374' title='bbox 1775 3373 1910 3430; x_wconf 82' lang='lat' dir='ltr'><strong>Dass</strong></span> <span class='ocrx_word' id='word_1_375' title='bbox 1957 3375 2056 3431; x_wconf 82' lang='lat' dir='ltr'><strong>der</strong></span> <span class='ocrx_word' id='word_1_376' title='bbox 2091 3376 2214 3433; x_wconf 88' lang='lat' dir='ltr'><strong>Tod</strong></span> <span class='ocrx_word' id='word_1_377' title='bbox 2250 3377 2493 3432; x_wconf 75' lang='lat' dir='ltr'><strong>omnium</strong></span> <span class='ocrx_word' id='word_1_378' title='bbox 2526 3378 2692 3445; x_wconf 71' lang='lat' dir='ltr'><strong>suffia—</strong></span> 
     </span>
     <span class='ocr_line' id='line_1_64' title="bbox 1575 3445 2693 3517; baseline 0.003 -18"><span class='ocrx_word' id='word_1_379' title='bbox 1575 3445 1729 3515; x_wconf 81' lang='lat' dir='ltr'><strong>9ium</strong></span> <span class='ocrx_word' id='word_1_380' title='bbox 1775 3450 2026 3515; x_wconf 68' lang='lat' dir='ltr'><strong>genennt</strong></span> <span class='ocrx_word' id='word_1_381' title='bbox 2072 3447 2237 3517; x_wconf 85' lang='lat' dir='ltr'><strong>wird,</strong></span> <span class='ocrx_word' id='word_1_382' title='bbox 2292 3448 2370 3503; x_wconf 90' lang='lat' dir='ltr'><strong>ist</strong></span> <span class='ocrx_word' id='word_1_383' title='bbox 2411 3447 2547 3502; x_wconf 82' lang='lat' dir='ltr'><strong>kein</strong></span> <span class='ocrx_word' id='word_1_384' title='bbox 2594 3448 2693 3502; x_wconf 82' lang='lat' dir='ltr'><strong>Ge·</strong></span> 
     </span>
     <span class='ocr_line' id='line_1_65' title="bbox 1575 3516 2698 3589; baseline 0.002 -19"><span class='ocrx_word' id='word_1_385' title='bbox 1575 3516 1907 3586; x_wconf 77' lang='lat' dir='ltr'><strong>meinplat23</strong></span> <span class='ocrx_word' id='word_1_386' title='bbox 1963 3519 2208 3589; x_wconf 81' lang='lat' dir='ltr'><strong>gedacht</strong></span> <span class='ocrx_word' id='word_1_387' title='bbox 2251 3519 2329 3573; x_wconf 85' lang='lat' dir='ltr'><strong>ist</strong></span> <span class='ocrx_word' id='word_1_388' title='bbox 2383 3518 2550 3575; x_wconf 81' lang='lat' dir='ltr'><strong>dabei</strong></span> <span class='ocrx_word' id='word_1_389' title='bbox 2593 3536 2698 3572; x_wconf 85' lang='lat' dir='ltr'><strong>nur</strong></span> 
     </span>
    </p>
   </div>
   <div class='ocr_carea' id='block_1_20' title="bbox 1577 3587 2800 3659">
    <p class='ocr_par' dir='ltr' id='par_1_24' title="bbox 1577 3587 2800 3659">
     <span class='ocr_line' id='line_1_66' title="bbox 1577 3587 2800 3659; baseline 0.002 -18"><span class='ocrx_word' id='word_1_390' title='bbox 1577 3603 1651 3642; x_wconf 81' lang='lat' dir='ltr'><strong>an</strong></span> <span class='ocrx_word' id='word_1_391' title='bbox 1699 3587 1842 3657; x_wconf 86' lang='lat' dir='ltr'><strong>alle,</strong></span> <span class='ocrx_word' id='word_1_392' title='bbox 1894 3589 1986 3645; x_wconf 90' lang='lat' dir='ltr'><strong>die</strong></span> <span class='ocrx_word' id='word_1_393' title='bbox 2031 3606 2162 3645; x_wconf 83' lang='lat' dir='ltr'><strong>vom</strong></span> <span class='ocrx_word' id='word_1_394' title='bbox 2206 3591 2406 3646; x_wconf 81' lang='lat' dir='ltr'><strong>Kaiser</strong></span> <span class='ocrx_word' id='word_1_395' title='bbox 2458 3589 2704 3659; x_wconf 74' lang='lat' dir='ltr'><strong>verfolgt</strong></span> <span class='ocrx_word' id='word_1_396' title='bbox 2799 3587 2800 3616; x_wconf 72' lang='lat'><em>³</em></span> 
     </span>
    </p>
   </div>
   <div class='ocr_carea' id='block_1_21' title="bbox 1578 3659 2698 3805">
    <p class='ocr_par' dir='ltr' id='par_1_25' title="bbox 1578 3659 2698 3805">
     <span class='ocr_line' id='line_1_67' title="bbox 1578 3659 1822 3716; baseline 0.008 -4"><span class='ocrx_word' id='word_1_397' title='bbox 1578 3659 1822 3716; x_wconf 76' lang='lat' dir='ltr'><strong>werden.</strong></span> 
     </span>
     <span class='ocr_line' id='line_1_68' title="bbox 1655 3749 2698 3805; baseline 0.002 -2"><span class='ocrx_word' id='word_1_398' title='bbox 1655 3753 1738 3803; x_wconf 82' lang='lat'><strong>15.</strong></span> <span class='ocrx_word' id='word_1_399' title='bbox 1775 3749 1908 3804; x_wconf 75' lang='lat' dir='ltr'><strong>dum</strong></span> <span class='ocrx_word' id='word_1_400' title='bbox 1934 3749 2041 3803; x_wconf 86' lang='lat' dir='ltr'><strong>mit</strong></span> <span class='ocrx_word' id='word_1_401' title='bbox 2069 3749 2199 3805; x_wconf 88' lang='lat' dir='ltr'><strong>dem</strong></span> <span class='ocrx_word' id='word_1_402' title='bbox 2225 3749 2408 3805; x_wconf 85' lang='lat' dir='ltr'><strong>Indik.</strong></span> <span class='ocrx_word' id='word_1_403' title='bbox 2440 3749 2537 3805; x_wconf 89' lang='lat' dir='ltr'><strong>des</strong></span> <span class='ocrx_word' id='word_1_404' title='bbox 2565 3750 2698 3805; x_wconf 63' lang='lat' dir='ltr'><strong>Pra-</strong></span> 
     </span>
    </p>
   </div>
   <div class='ocr_carea' id='block_1_22' title="bbox 1580 3818 2798 3889">
    <p class='ocr_par' dir='ltr' id='par_1_26' title="bbox 1580 3818 2798 3889">
     <span class='ocr_line' id='line_1_69' title="bbox 1580 3818 2798 3889; baseline 0.002 -15"><span class='ocrx_word' id='word_1_405' title='bbox 1580 3834 1710 3875; x_wconf 80' lang='lat' dir='ltr'><strong>sens</strong></span> <span class='ocrx_word' id='word_1_406' title='bbox 1743 3818 1807 3874; x_wconf 88' lang='lat' dir='ltr'><strong>in</strong></span> <span class='ocrx_word' id='word_1_407' title='bbox 1850 3819 2163 3877; x_wconf 83' lang='lat' dir='ltr'><strong>indirekter</strong></span> <span class='ocrx_word' id='word_1_408' title='bbox 2196 3822 2378 3889; x_wconf 84' lang='lat' dir='ltr'><strong>Rede,</strong></span> <span class='ocrx_word' id='word_1_409' title='bbox 2426 3839 2469 3875; x_wconf 90' lang='lat' dir='ltr'><strong>s.</strong></span> <span class='ocrx_word' id='word_1_410' title='bbox 2507 3840 2576 3876; x_wconf 76' lang='lat' dir='ltr'><strong>zu</strong></span> <span class='ocrx_word' id='word_1_411' title='bbox 2612 3827 2700 3888; x_wconf 71' lang='lat'><strong>13,</strong></span> <span class='ocrx_word' id='word_1_412' title='bbox 2797 3843 2798 3846; x_wconf 42' lang='lat'>¹</span> 
     </span>
    </p>
   </div>
   <div class='ocr_carea' id='block_1_23' title="bbox 1582 3891 1992 3947">
    <p class='ocr_par' dir='ltr' id='par_1_27' title="bbox 1582 3891 1992 3947">
     <span class='ocr_line' id='line_1_70' title="bbox 1582 3891 1992 3947; baseline 0.005 -2"><span class='ocrx_word' id='word_1_413' title='bbox 1582 3895 1651 3945; x_wconf 87' lang='grc'><strong>15</strong></span> <span class='ocrx_word' id='word_1_414' title='bbox 1688 3906 1781 3946; x_wconf 78' lang='lat' dir='ltr'><strong>am</strong></span> <span class='ocrx_word' id='word_1_415' title='bbox 1817 3891 1992 3947; x_wconf 80' lang='lat' dir='ltr'><strong>Ende.</strong></span> 
     </span>
    </p>
   </div>
   <div class='ocr_carea' id='block_1_24' title="bbox 1580 3980 2696 4328">
    <p class='ocr_par' dir='ltr' id='par_1_28' title="bbox 1580 3980 2696 4328">
     <span class='ocr_line' id='line_1_71' title="bbox 1655 3980 2695 4050; baseline 0.002 -17"><span class='ocrx_word' id='word_1_416' title='bbox 1655 3985 1740 4034; x_wconf 91' lang='grc'><strong>16.</strong></span> <span class='ocrx_word' id='word_1_417' title='bbox 1764 3981 2039 4050; x_wconf 67' lang='lat' dir='ltr'><strong>adusque,</strong></span> <span class='ocrx_word' id='word_1_418' title='bbox 2076 3983 2234 4035; x_wconf 82' lang='lat' dir='ltr'><strong>senet</strong></span> <span class='ocrx_word' id='word_1_419' title='bbox 2269 3998 2376 4035; x_wconf 82' lang='lat' dir='ltr'><strong>nur</strong></span> <span class='ocrx_word' id='word_1_420' title='bbox 2410 3980 2503 4035; x_wconf 83' lang='lat' dir='ltr'><strong>bei</strong></span> <span class='ocrx_word' id='word_1_421' title='bbox 2531 3980 2695 4035; x_wconf 82' lang='lat' dir='ltr'><strong>Dich-</strong></span> 
     </span>
     <span class='ocr_line' id='line_1_72' title="bbox 1580 4046 2694 4122; baseline 0.002 -17"><span class='ocrx_word' id='word_1_422' title='bbox 1580 4052 1708 4106; x_wconf 86' lang='lat' dir='ltr'><strong>tern</strong></span> <span class='ocrx_word' id='word_1_423' title='bbox 1734 4051 1849 4105; x_wconf 92' lang='lat' dir='ltr'><strong>und</strong></span> <span class='ocrx_word' id='word_1_424' title='bbox 1878 4050 2170 4122; x_wconf 61' lang='lat' dir='ltr'><strong>Spfiteren,</strong></span> <span class='ocrx_word' id='word_1_425' title='bbox 2206 4052 2284 4106; x_wconf 90' lang='lat' dir='ltr'><strong>ist</strong></span> <span class='ocrx_word' id='word_1_426' title='bbox 2318 4051 2410 4107; x_wconf 88' lang='lat' dir='ltr'><strong>bei</strong></span> <span class='ocrx_word' id='word_1_427' title='bbox 2439 4052 2572 4107; x_wconf 79' lang='lat' dir='ltr'><strong>Tac.</strong></span> <span class='ocrx_word' id='word_1_428' title='bbox 2599 4046 2694 4107; x_wconf 61' lang='lat' dir='ltr'><strong>aa.</strong></span> 
     </span>
     <span class='ocr_line' id='line_1_73' title="bbox 1583 4120 2696 4191; baseline 0.001 -15"><span class='ocrx_word' id='word_1_429' title='bbox 1583 4120 1684 4191; x_wconf 74' lang='grc' dir='ltr'><strong>εἰρ.</strong></span> <span class='ocrx_word' id='word_1_430' title='bbox 1728 4153 1797 4163; x_wconf 92' lang='grc'><strong>-</strong></span> <span class='ocrx_word' id='word_1_431' title='bbox 1843 4123 2133 4179; x_wconf 73' lang='lat' dir='ltr'><strong>evalesccre</strong></span> <span class='ocrx_word' id='word_1_432' title='bbox 2168 4123 2313 4179; x_wconf 76' lang='lat' dir='ltr'><strong>auch</strong></span> <span class='ocrx_word' id='word_1_433' title='bbox 2351 4121 2538 4180; x_wconf 79' lang='lat' dir='ltr'><strong>Germ.</strong></span> <span class='ocrx_word' id='word_1_434' title='bbox 2575 4129 2608 4178; x_wconf 82' lang='grc'><strong>2</strong></span> <span class='ocrx_word' id='word_1_435' title='bbox 2640 4141 2696 4177; x_wconf 84' lang='lat' dir='ltr'><strong>u.</strong></span> 
     </span>
     <span class='ocr_line' id='line_1_74' title="bbox 1583 4193 2694 4263; baseline 0.002 -15"><span class='ocrx_word' id='word_1_436' title='bbox 1583 4198 1652 4249; x_wconf 87' lang='grc'><strong>28</strong></span> <span class='ocrx_word' id='word_1_437' title='bbox 1687 4193 1806 4249; x_wconf 91' lang='lat' dir='ltr'><strong>und</strong></span> <span class='ocrx_word' id='word_1_438' title='bbox 1841 4193 1970 4250; x_wconf 87' lang='lat' dir='ltr'><strong>hist.</strong></span> <span class='ocrx_word' id='word_1_439' title='bbox 2011 4201 2061 4263; x_wconf 91' lang='lat'><strong>1,</strong></span> <span class='ocrx_word' id='word_1_440' title='bbox 2100 4200 2184 4252; x_wconf 88' lang='grc'><strong>80.</strong></span> <span class='ocrx_word' id='word_1_441' title='bbox 2235 4193 2566 4250; x_wconf 78' lang='lat' dir='ltr'><strong>Ausserdem</strong></span> <span class='ocrx_word' id='word_1_442' title='bbox 2606 4193 2694 4250; x_wconf 79' lang='lat' dir='ltr'><strong>bei</strong></span> 
     </span>
     <span class='ocr_line' id='line_1_75' title="bbox 1581 4264 2692 4328; baseline 0.002 -9"><span class='ocrx_word' id='word_1_443' title='bbox 1581 4264 1851 4328; x_wconf 67' lang='lat' dir='ltr'><strong>Dichtern</strong></span> <span class='ocrx_word' id='word_1_444' title='bbox 1886 4266 2003 4322; x_wconf 91' lang='lat' dir='ltr'><strong>und</strong></span> <span class='ocrx_word' id='word_1_445' title='bbox 2048 4266 2129 4322; x_wconf 88' lang='lat' dir='ltr'><strong>im</strong></span> <span class='ocrx_word' id='word_1_446' title='bbox 2171 4265 2451 4322; x_wconf 81' lang='lat' dir='ltr'><strong>silbernen</strong></span> <span class='ocrx_word' id='word_1_447' title='bbox 2487 4264 2692 4321; x_wconf 80' lang='lat' dir='ltr'><strong>Latein.</strong></span> 
     </span>
    </p>
   </div>
   <div class='ocr_carea' id='block_1_25' title="bbox 2793 3623 2804 4167">
    <p class='ocr_par' dir='ltr' id='par_1_29' title="bbox 2793 3623 2804 4167">
     <span class='ocr_line' id='line_1_76' title="bbox 2793 3623 2804 4167; baseline 0 0"><span class='ocrx_word' id='word_1_448' title='bbox 2793 3623 2804 4167; x_wconf 95' lang='lat' dir='ltr'><strong> </strong></span> 
     </span>
    </p>
   </div>
   <div class='ocr_carea' id='block_1_26' title="bbox 2745 4167 2797 4581">
    <p class='ocr_par' dir='ltr' id='par_1_30' title="bbox 2745 4167 2797 4581">
     <span class='ocr_line' id='line_1_77' title="bbox 2745 4167 2797 4581; baseline 0 0"><span class='ocrx_word' id='word_1_449' title='bbox 2745 4167 2797 4581; x_wconf 50' lang='lat' dir='ltr'><strong>l</strong></span> 
     </span>
    </p>
   </div>
  </div>
 </body>
</html>
