2867 4625
209 1052 295 1117 26

316 90 403 155 96
959 89 1307 145 CORNELII
1342 89 1591 145 TAGITI
1625 89 2024 144 ANNALIUM

316 257 433 319 est.
504 252 681 319 Nero
717 256 940 317 tamen
976 253 1366 319 metuentior
1400 253 1473 317 in
1507 256 1843 338 posterum
1878 253 2122 318 milites
2160 252 2290 317 sibi
2325 266 2390 316 et
2422 253 2642 355 pleros:

211 357 277 406 15
315 363 439 428 que
477 342 870 426 gladiatores
907 341 1344 425 circumdedit,
1389 343 1502 427 qui
1536 343 1821 407 rixarum
1856 342 2046 406 initia
2082 340 2340 406 modica
2373 348 2440 406 et
2478 364 2644 427 quasl

315 432 573 516 privata
610 431 923 496 sinerent:
972 431 1030 496 si
1067 454 1129 495 a·
1143 431 1336 496 laesis
1374 431 1656 496 validius
1695 435 2013 516 ageretur,
2057 452 2242 495 arma
2285 429 2647 495 inferebant.

314 520 628 585 ludicram
701 541 957 604 quoque
1021 519 1351 584 licentiam
1415 523 1484 584 et
1542 520 1832 585 fautores
1904 520 2301 585 histrionum
2363 520 2539 583 velut
2590 520 2649 583 in

314 609 567 693 proelia
611 609 931 674 convertit
976 609 1344 693 inpunitate
1382 612 1451 673 et
1492 609 1798 693 praemiis
1842 612 2036 694 atque
2080 609 2222 692 ipse
2269 607 2554 673 occultus
2596 611 2650 673 et

314 697 695 783 plerumque
742 719 962 763 coram
1016 701 1473 782 prospectans,
1529 698 1733 763 donec
1787 697 2066 764 discordi
2120 697 2368 781 populo
2415 700 2482 762 et
2525 718 2648 783 gra·

210 801 279 851 20
316 786 514 851 vioris
561 789 777 851 motus
833 789 1079 852 terrore
1124 809 1261 852 non
1308 787 1485 852 aliud
1527 786 1886 852 remedium
1930 790 2260 871 repertum
2307 789 2428 870 est,
2481 807 2649 870 quam

315 878 390 939 ut
441 874 794 941 histriones
852 876 1046 941 Italia
1110 877 1505 960 pellerentur
1558 875 1872 961 milesque
1935 876 2193 940 theatro
2246 897 2509 940 rursum
2562 873 2649 938 ad·

317 963 570 1029 sideret.

492 1052 619 1118 Per
653 1052 825 1118 idem
861 1056 1119 1138 tempus
1158 1057 1375 1118 actum
1410 1054 1481 1118 in
1509 1056 1741 1119 senatu
1778 1054 1858 1119 de
1893 1052 2233 1118 fraudibus
2271 1052 2653 1135 libertorum,

319 1141 877 1227 efflagitatumque
925 1146 999 1207 ut
1046 1142 1351 1208 adversus
1389 1142 1558 1206 male
1595 1143 1861 1207 meritos
1903 1142 2305 1207 revocandae
2350 1140 2651 1206 libertatis

317 1230 419 1295 ius
465 1231 760 1314 patronis
809 1230 1088 1296 daretur.
1160 1253 1282 1296 nec
1329 1231 1595 1296 deerant
1638 1231 1749 1316 qui
1795 1234 2162 1313 censerent,
2211 1229 2325 1295 sed
2373 1230 2651 1295 consules

318 1318 701 1384 relationem
746 1319 1031 1404 incipere
1076 1341 1208 1384 non
1254 1322 1395 1385 ausi
1440 1321 1673 1405 ignaro
1726 1320 2045 1404 principe,
2100 1319 2537 1403 perscripsere
2577 1323 2653 1382 ta·

249 1424 281 1472 5
320 1429 468 1473 men
516 1408 574 1472 ei
620 1429 1007 1474 consensum
1054 1412 1333 1474 senatus.
1405 1409 1516 1473 1116
1564 1431 1650 1473 an
1698 1411 1925 1473 auctor
1961 1408 2452 1474 constitutionis
2498 1408 2656 1472 fieret

322 1496 721 1562 consultavit
755 1497 926 1562 inter
952 1519 1194 1581 paucos
1224 1501 1290 1562 et
1318 1499 1681 1563 sententiae
1719 1498 2027 1580 diversos,
2064 1496 2461 1581 quibusdam
2489 1496 2657 1562 coali-

318 1588 453 1653 tam
511 1585 812 1651 libertate
867 1587 1365 1652 inreverentiam
1414 1608 1490 1651 eo
1545 1585 1921 1670 prorupisse
1966 1586 2430 1671 frementibuS,
2483 1591 2553 1651 ut
2587 1606 2655 1649 ne

319 1695 394 1738 ae
439 1696 524 1739 uo
586 1675 831 1756 quidem
894 1697 1041 1739 cum
1150 1677 1398 1741 atronis
1453 1677 1592 1741 iure
1648 1698 1687 1740 a
1734 1678 1944 1757 erent,
2054 1675 2402 1740 atientiam
2459 1696 2656 1740 eorum

317 1695 705 1827 ingultarent
753 1784 827 1828 ac
863 1698 1239 1829 verberilhus
1286 1787 1520 1830 manus
1568 1697 1741 1829 1111,τῖ
1786 1698 2221 1847 1ηὑ6ηᾶξτ611ὲ,
2266 1763 2657 1848 impudenter

219 1867 287 1917 10
323 1850 428 1915 vel
463 1873 742 1935 poenam
770 1874 955 1917 suam
992 1853 1122 1937 ipsi
1151 1853 1513 1919 suadentes,
1569 1853 1721 1938 quid
1752 1853 1924 1917 enim
1963 1852 2140 1917 aliud
2176 1853 2353 1918 laeso
2398 1855 2656 1938 patrono

323 1960 702 2006 concessum
748 1962 943 2024 quam
989 1945 1064 2006 ut
1109 1942 1531 2008 centesimum
1580 1945 1752 2007 ultra
1807 1941 2088 2025 lapidem
2143 1942 2211 2006 in
2258 1963 2447 2007 oram
2493 1938 2658 2007 Cam·

319 2029 554 2113 paniae
600 2029 905 2095 libertum
954 2031 1245 2116 releget?
1329 2034 1576 2097 ceteras
1624 2032 1912 2103 actiones
1969 2031 2327 2114 promiscas
2379 2035 2450 2096 et
2493 2051 2688 2116 pares-

320 2139 478 2185 esse.
569 2118 991 2184 tribuendum
1051 2120 1314 2203 aliquod
1377 2120 1580 2185 telum
1646 2120 1818 2204 quod
1882 2121 2102 2202 sperni
2163 2124 2468 2203 nequeat.
2558 2139 2659 2183 nec

393 2334 476 2384 14.
531 2330 854 2384 metuentior
930 2331 1014 2386 als
1077 2330 1444 2400 Komparativ

319 2417 426 2454 nur
459 2400 608 2455 noch
644 2400 738 2472 hei
777 2400 925 2456 Ovid
961 2402 1077 2456 und
1115 2401 1300 2457 Silius.
1369 2401 1442 2458 So

319 2470 504 2525 bildet
558 2469 753 2527 Cicero
809 2474 1076 2540 utentior,
1130 2475 1444 2543 parentior,

319 2542 747 2610 adulescentior,
783 2545 1056 2601 scientior.

394 2619 477 2668 17.
526 2613 631 2669 Die
679 2615 905 2671 lieentia
957 2615 1036 2670 ist
1092 2616 1184 2671 die
1228 2616 1439 2671 Unver-

319 2683 661 2740 schamtheit
725 2684 824 2741 der
886 2686 1279 2743 Pantomimen
1336 2688 1441 2757 (hi-

318 2757 626 2826 strionwm).

395 2832 478 2882 19.
535 2828 856 2899 plerumque
910 2855 978 2875 ==
1028 2846 1307 2899 persaepe.
1375 2859 1481 2870 —-

322 2913 506 2953 eoram
543 2897 750 2969 „offen‚
791 2901 1087 2957 sichtbar“.

393 2974 479 3024 21.
512 2970 858 3038 pellerentwr.
932 2971 1106 3027 Nicht
1151 2972 1260 3027 alle
1306 2987 1445 3026 wer-

322 3040 431 3095 den
466 3041 769 3108 verbannt,
819 3042 1057 3098 sondern
1100 3042 1227 3111 (wie
1264 3048 1314 3111 4,
1357 3044 1446 3111 14)

321 3128 426 3164 nur
463 3111 579 3179 die,
621 3113 837 3167 welche
874 3113 982 3167 den
1020 3113 1211 3182 Unfug
1245 3129 1446 3168 veran-

320 3179 457 3235 lasst
491 3181 707 3237 hatten.

393 3321 490 3378 26.
559 3329 606 3378 1.
669 3323 984 3390 fraudibus,
1085 3324 1190 3381 Die
1262 3325 1445 3394 „Tau-

325 3393 573 3464 schung“
641 3394 862 3451 besteht
924 3394 1109 3465 darin,
1176 3396 1298 3452 dass
1364 3396 1446 3453 sie

324 3481 506 3536 gegen
551 3466 660 3520 den
696 3466 878 3522 Herm
923 3468 1257 3524 undankbar
1302 3469 1443 3537 sind,

327 3535 478 3590 seine
516 3535 850 3609 Erwartung
884 3539 1044 3594 nicht
1081 3540 1335 3595 erffillen.

372 3613 467 3695 ..²3
488 3624 739 3665 revocare
775 3609 1171 3694 ,‚widerrufen,
1217 3612 1309 3665 fiir
1345 3629 1446 3698 un-

325 3678 1136 3834 ῗῗρῖὺξῃᾱθᾊᾞὲἶῗῖῑοέῗυξέὴ
1161 3683 1446 3821 ξέοὸῗῑῖζ

327 3821 476 3876 dann
512 3840 591 3877 im
630 3824 909 3879 sllbernen
947 3825 1163 3880 Latein.

399 3898 448 3950 6.
478 3892 591 3949 Der
619 3895 763 3950 Text
802 3895 900 3950 der
926 3895 1227 3966 folgenden
1256 3897 1446 3952 Zeilen

329 3962 435 4030 (bis
492 3965 547 4019 Z.
597 3970 665 4021 10
719 3967 1025 4035 suadentes)
1089 3968 1163 4022 ist
1223 3968 1283 4022 in
1346 3969 1447 4023 der

326 4033 638 4090 Handschr.
691 4037 1071 4107 korrumpiert
1126 4038 1241 4092 und
1287 4039 1448 4094 nicht

326 4103 433 4159 mit
470 4103 787 4163 Sicherheit
820 4107 1211 4164 herzustellen.
1253 4140 1320 4150 —
1362 4111 1446 4165 di-

325 4189 512 4230 versus
555 4177 662 4231 mit
707 4178 837 4232 dem
886 4179 1121 4234 Genetiv
1168 4181 1314 4234 auch
1361 4186 1446 4250 14,

333 4248 397 4297 19
445 4250 509 4300 ut
543 4264 659 4315 par
699 4250 949 4318 inqeniO,
993 4251 1078 4306 ita
1113 4266 1324 4307 morum
1360 4253 1446 4307 di-

1550 2347 1753 2386 versus,
1806 2330 1863 2386 h.
1903 2335 1954 2395 4,
1990 2336 2075 2385 84.
2117 2361 2185 2370 —-
2222 2332 2486 2386 coalitam
2522 2346 2659 2398 „ver-

1552 2402 1752 2470 starkt,
1789 2401 2150 2472 gesteigert“,
2189 2402 2335 2457 auch
2376 2408 2466 2470 14,
2498 2408 2526 2457 1
2562 2400 2658 2466 und

1550 2473 1683 2528 hist.
1722 2479 1773 2540 4,
1811 2477 1880 2527 55
1896 2515 1910 2541 ,
1973 2475 2128 2528 sonst
2179 2472 2469 2543 nirgends.
2542 2473 2657 2528 Goa-

1551 2544 1740 2599 lescere
1774 2542 1835 2597 in
1874 2544 2087 2598 diesem
2126 2542 2295 2599 Sinne
2331 2544 2468 2601 hist.
2510 2550 2555 2612 1,
2588 2548 2660 2609 21,

1549 2615 1657 2670 wie
1694 2614 1790 2669 bei
1824 2614 2033 2671 Livius,

1623 2710 1675 2758 7.
1721 2720 1789 2759 ne
1834 2720 2005 2775 aequo
2051 2706 2267 2775 quidem
2314 2706 2469 2772 iwre,
2534 2704 2583 2758 d.
2614 2703 2659 2757 h.

1552 2775 1632 2830 sie
1688 2775 1874 2830 lassen
1931 2774 2052 2830 sich
2106 2776 2266 2831 nicht
2321 2774 2533 2831 einmal
2581 2772 2664 2829 auf

1553 2846 1717 2901 einen
1742 2847 2131 2917 regelrechten
2152 2846 2379 2901 Prozefs
2410 2847 2517 2902 mit
2550 2847 2659 2901 dem

1553 2917 1826 2973 Patronus
1885 2918 1976 2972 ein
1990 2959 2003 2986 ,
2058 2918 2297 2973 sondern
2349 2918 2658 2973 verhbhnen

1553 2988 1667 3043 und
1703 2988 1993 3043 bedrohen
2031 2989 2144 3043 ihn.

1626 3084 1676 3132 8.
1705 3078 2041 3146 patientiam
2078 3080 2196 3147 ctt.,
2237 3078 2345 3133 wie
2383 3085 2435 3149 4,
2476 3084 2543 3133 59
2576 3076 2658 3146 qui

1554 3164 1705 3203 nwnc
1744 3151 2074 3217 patientiam
2120 3150 2266 3204 senis
2314 3181 2384 3189 —
2434 3149 2657 3205 insultet.

1554 3220 1607 3275 S.
1647 3220 1757 3273 den
1795 3220 2105 3276 kritischen
2141 3221 2402 3290 Anhang.

1624 3314 1672 3363 9.
1710 3309 2054 3378 impudenter
2081 3311 2199 3379 ott„
2229 3309 2414 3365 wobei
2443 3309 2521 3364 sie
2555 3308 2657 3363 also

1551 3380 1698 3435 noch
1736 3397 1797 3435 so
1826 3382 2226 3435 unverschamt
2256 3380 2400 3450 sind,
2438 3380 2557 3435 dats
2591 3378 2657 3433 sie

1554 3451 1682 3506 dem
1735 3451 2090 3521 Beleidigten
2152 3452 2275 3506 ihre
2339 3451 2657 3518 Bestrafung

1554 3524 1815 3590 antaten,
1879 3523 2010 3577 weil
2074 3523 2321 3579 dieselbe
2379 3541 2437 3579 so
2500 3520 2658 3576 leicht

1552 3593 1870 3649 illusorisch
1907 3613 1973 3648 zu
2010 3594 2248 3649 macheu
2285 3595 2382 3650 sei.
2447 3594 2531 3647 Im
2566 3591 2656 3646 fol·

1554 3665 1775 3735 genden
1812 3666 1953 3720 wird
1990 3666 2108 3721 dies
2146 3666 2377 3720 erklart.

1629 3760 1712 3809 11.
1751 3753 2106 3825 Kampanien
2134 3772 2253 3810 war
2281 3758 2453 3811 etwas
2482 3753 2657 3809 weiter

1555 3826 1639 3880 als
1689 3831 1790 3881 100
1835 3826 2081 3894 Millien,
2138 3826 2329 3881 durfte
2384 3826 2502 3882 also
2546 3838 2655 3876 zum

1552 3896 1889 3953 Aufenthalt
1942 3898 2194 3967 gewahlt
2246 3898 2484 3953 werden.
2554 3894 2651 3949 Das

1553 3984 1671 4024 war
1708 3969 1843 4024 aber
1878 3970 2043 4024 keine
2084 3969 2283 4027 Strafe.
2590 4035 2601 4046 ,

1629 4044 1709 4094 12.
1741 4041 2049 4109 promiscae
2085 4045 2134 4095 et
2170 4056 2366 4110 pares,
2411 4039 2459 4095 d.
2498 4039 2551 4094 h.
2585 4052 2654 4088 lm

1554 4112 1792 4181 iibrigen
1821 4112 2059 4166 st'anden
2097 4111 2188 4166 die
2216 4110 2654 4182 Freigelassenen

1555 4181 1662 4236 mit
1697 4183 1805 4237 den
1853 4183 2113 4238 frfiheren
2148 4183 2361 4238 Herren
2397 4178 2653 4236 rechtlich

1557 4253 1659 4308 auf
1689 4253 1969 4324 gleichem
2004 4252 2184 4312 Fusae.
