2867 4625
967 91 1188 148 LIBER
1212 93 1311 149 111.
1376 92 1533 150 CAP.
1565 98 1793 150 10-·-12.

2439 92 2569 160 155

233 255 536 322 Tiberius.
633 256 691 321 is
744 255 920 321 haud
976 256 1142 321 alias
1188 256 1531 339 intentior,
1583 258 1864 342 populus
1910 256 2059 342 plus
2107 256 2234 322 sibi
2280 255 2349 321 in
2393 256 2568 342 prin·

229 346 428 432 cipem
476 344 768 411 occultae
813 345 989 411 vocis
1036 348 1153 409 aut
1199 346 1553 431 suspicacis
1601 346 1850 411 silentii
1893 346 2210 430 permisit.

228 527 457 590 mento.
571 523 779 608 patris
851 524 953 588 sui
1016 524 1309 609 legatum
1383 525 1580 608 atque
1654 524 1934 590 amicum
1995 522 2304 589 Pisonem
2366 523 2567 589 fuisse

225 612 701 696 adiutoremque
763 609 1148 678 Germanico
1214 613 1441 678 datum
1504 634 1544 677 a
1603 634 1671 678 se
1736 617 2000 680 auctore
2076 614 2306 678 senatu
2373 612 2567 678 rebus

225 701 385 787 apud
431 701 745 767 orientem
796 700 1348 767 administrandis.

1449 701 1584 767 illic
1628 701 2038 768 contumacia
2081 706 2149 767 et
2193 700 2570 768 certamini-

224 790 336 855 bus
382 794 750 874 asperasset
793 790 1090 855 iuvenem
1128 791 1432 875 exituque
1480 790 1620 856 eius
1657 789 1941 856 laetatus
1989 794 2164 856 esset
2199 812 2292 855 an
2328 789 2566 855 scelere
2605 807 2638 857 5

220 877 623 963 extinxisset,
687 878 960 964 integris
1025 878 1260 944 animis
1325 878 1825 945 diiudicandum.

1935 878 1954 908 ‘
1968 901 2122 945 nam
2188 879 2244 944 si
2306 878 2566 964 legatus

222 967 414 1034 officii
458 968 802 1048 termium,
858 968 1240 1052 obsequium
1296 988 1455 1054 erga
1508 968 1970 1054 imperatorem
2028 968 2204 1034 exuit
2248 968 2567 1032 eiusdem-

219 1078 335 1142 que
371 1061 583 1123 morte
619 1059 687 1122 et
720 1057 901 1123 luctu
938 1078 1082 1122 meo
1120 1056 1405 1123 laetatus
1445 1061 1561 1141 est,
1599 1057 1795 1123 odero
1835 1078 2271 1143 seponamque
2301 1078 2340 1121 a
2367 1056 2565 1122 domo

220 1167 357 1212 mea
420 1149 490 1211 et
555 1146 845 1230 privatas
919 1145 1299 1212 inimicitias
1372 1168 1510 1212 non
1573 1145 1640 1212 vi
1704 1146 2017 1231 principis
2082 1145 2384 1211 ulciscar.
2465 1145 2568 1210 sin

221 1235 467 1301 facinus
515 1234 584 1300 in
629 1236 1088 1319 cuiuscumque
1125 1234 1502 1301 mortalium
1540 1256 1696 1300 nece
1733 1234 2185 1300 vindicandum
2221 1233 2565 1319 detegitur,
2604 1252 2672 1302 10

218 1345 327 1389 vos
373 1344 529 1388 vero
588 1327 655 1388 et
698 1324 938 1390 liberos
986 1321 1358 1390 Germanici
1405 1327 1476 1389 et
1517 1345 1639 1389 nos
1694 1327 1996 1408 parentes
2054 1323 2245 1389 iustis
2308 1322 2565 1388 solaciis

220 1412 485 1477 adficite.

589 1413 908 1497 simulque
961 1413 1121 1478 illud
1167 1416 1497 1498 reputate,
1549 1412 1806 1478 turbide
1864 1415 1931 1478 et
1978 1412 2284 1479 seditiose
2326 1414 2566 1477 tracta-

216 1501 374 1566 verit
409 1501 731 1567 exercitus
766 1502 938 1586 Piso,
987 1502 1281 1586 quaesita
1327 1501 1461 1567 sint
1512 1524 1628 1586 per
1665 1501 2086 1568 ambitionem
2134 1500 2352 1567 studia
2395 1499 2568 1565 mili-

216 1594 373 1673 tum,
421 1589 624 1655 armis
669 1592 948 1675 repetita
991 1590 1355 1676 provincia,
1415 1613 1500 1656 an
1544 1590 1713 1655 falsa
1757 1591 1917 1656 haec
1971 1590 2041 1656 in
2086 1591 2297 1655 maius
2345 1588 2566 1674 vulga-

217 1680 425 1745 verint
474 1685 915 1763 accusatores,
970 1702 1246 1765 quorum
1291 1699 1413 1765 ego
1470 1679 1689 1745 nimiis
1738 1679 1971 1745 studiis
2015 1679 2156 1745 iure
2203 1699 2565 1744 suscenseo.
2606 1693 2672 1743 15

213 1789 358 1833 nam
396 1790 529 1855 quo
565 1769 880 1853 pertinuit
917 1769 1158 1834 nudare
1194 1790 1429 1853 corpus
1468 1771 1536 1833 et
1569 1768 2101 1835 contrectandum
2137 1768 2317 1853 vulgi
2355 1767 2562 1833 oculis

215 1857 591 1940 permittere
655 1857 1024 1943 differrique
1089 1858 1290 1923 etiam
1358 1880 1476 1942 per
1539 1862 1840 1924 externos
1914 1861 2248 1942 tamquam
2310 1878 2562 1923 veneno

212 1945 611 2030 interceptus
675 1950 869 2030 esset,
938 1948 996 2012 si
1058 1947 1309 2012 incerta
1371 1947 1581 2012 adhuc
1644 1948 1776 2012 ista
1838 1950 1905 2012 et
1960 1945 2306 2012 scrutanda
2366 1945 2563 2012 sunt?

216 2035 410 2102 defleo
484 2035 779 2121 equidem
841 2036 1047 2101 filium
1110 2057 1327 2102 meum
1389 2057 1768 2120 semperque
1833 2035 2117 2101 deflebo:
2179 2034 2292 2100 sed
2355 2055 2562 2120 neque

213 2145 388 2191 reum
433 2123 752 2209 prohibeo
798 2146 927 2210 quo
973 2125 1191 2191 minus
1248 2129 1483 2190 cuncta
1525 2124 1845 2210 proferat,
1900 2125 2133 2208 quibus
2189 2123 2564 2189 innocentia
2602 2139 2671 2189 2ο

216 2213 346 2279 eius
404 2211 739 2280 sublevari
795 2216 935 2297 aut,
1000 2214 1057 2278 si
1120 2235 1250 2299 qua
1301 2212 1428 2278 fuit
1485 2211 1797 2298 iniquitas
1846 2211 2241 2291 Germanici,
2298 2211 2565 2297 coargui

217 2304 447 2389 possit,
513 2325 758 2389 vosque
822 2326 936 2370 oro
1000 2326 1109 2389 ne,
1174 2302 1324 2388 quia
1389 2302 1605 2369 dolori
1669 2325 1812 2369 meo
1877 2325 2076 2370 causa
2136 2323 2383 2368 conexa
2446 2302 2566 2382 est,

215 2393 466 2459 obiecta
511 2393 784 2458 crimina
827 2414 946 2479 pro
994 2392 1371 2477 adprobatis
1409 2392 1762 2476 accipiatis.
1857 2392 1914 2456 si
1959 2412 2120 2476 quos
2165 2390 2566 2477 propinquus

214 2483 477 2567 sanguis
541 2485 656 2546 aut
718 2482 877 2547 fides
938 2503 1055 2548 sua
1117 2485 1432 2566 patronos
1487 2481 1687 2561 dedit,
1744 2482 2059 2566 quantum
2115 2479 2384 2564 quisque
2430 2479 2562 2544 elo-

214 2572 477 2654 quentia
514 2574 581 2636 et
616 2592 771 2637 cura
799 2572 991 2655 valet,
1018 2571 1235 2637 iuvate
1272 2570 1778 2655 periclitantem3
1818 2569 1900 2634 ad
1938 2569 2210 2635 eundem
2247 2567 2560 2652 laborem,
2600 2579 2668 2629 25

213 2659 482 2725 eandem
529 2660 964 2725 constantiam
1010 2663 1416 2725 accusatores
1467 2659 1713 2725 hortor.
1802 2658 1870 2723 id
1917 2658 2129 2723 solum
2184 2655 2564 2721 Germanico

213 2768 403 2833 super
450 2749 628 2835 leges
663 2748 1203 2834 praestiterimus,
1251 2747 1420 2833 quod
1466 2747 1537 2814 in
1582 2748 1763 2814 curia
1807 2747 2029 2833 potius
2065 2767 2258 2832 quam
2297 2745 2366 2810 in
2402 2744 2566 2830 foro,

215 2837 381 2920 apud
440 2843 738 2903 senatum
792 2859 989 2922 quam
1044 2839 1217 2922 apud
1276 2837 1519 2904 iudices
1581 2837 1659 2902 de
1720 2839 1929 2902 morte
1990 2836 2128 2901 eius
2176 2834 2566 2920 anquiritur3

214 2927 427 2991 cetera
474 2927 620 3029 pari
663 2927 984 2993 modestia
1027 2929 1402 2992 tractentur.
1499 2948 1692 2992 nemo
1739 2925 1941 2991 Drusi
1996 2925 2325 3005 lacrimae,
2368 2943 2562 2988 nemo

215 3014 612 3080 maestitiam
675 3038 887 3081 meam
952 3020 1226 3100 spectet,
1286 3037 1405 3081 nec
1480 3016 1536 3080 si
1602 3037 1731 3101 qua
1796 3015 1865 3079 in
1925 3035 2049 3080 nos
2109 3013 2382 3078 adversa
2443 3011 2562 3077 fin·
2600 3022 2672 3072 30

214 3103 495 3188 guntur?

282 3283 330 3333 9.
366 3277 475 3333 Bei
501 3280 766 3335 intentior
790 3279 869 3335 ist
894 3284 1011 3335 erat
1036 3297 1102 3335 zu
1132 3283 1333 3348 ergan-

214 3364 326 3402 zen.
365 3356 415 3418 6,
440 3353 510 3405 50
528 3366 767 3406 sermone
793 3367 861 3406 ac
884 3352 1043 3407 vultu
1070 3352 1331 3405 intentas.

283 3419 377 3476 12.
415 3427 466 3475 3.
532 3422 692 3477 rebus
728 3422 1204 3478 administrandis.
1274 3419 1331 3475 S.

218 3488 693 3561 Ein1.5.1oe,b.

283 3567 332 3616 5.
405 3579 663 3633 asperare
698 3564 840 3619 statt
874 3580 1198 3633 exasperare
1232 3562 1337 3618 hat

215 3629 339 3686 Tac.
367 3631 553 3716 tester,
601 3637 758 3689 sonst
791 3652 898 3689 nur
933 3634 1027 3690 bei
1060 3633 1335 3692 Dichtern

221 3703 380 3757 und
363 3723 442 3760 im
481 3704 764 3760 silbernen
797 3704 1014 3761 Latein.

285 3781 333 3830 6.
396 3778 738 3833 namsictt.
824 3775 973 3847 Weg
975 3793 1047 3830 en
1091 3776 1190 3830 des
1235 3792 1335 3830 un-

220 3845 596 3903 vermittelten
613 3794 973 3918 Ubergangsg
964 3864 1061 3901 zur
1076 3845 1336 3901 direkten

222 3913 368 3972 Rede
399 3935 450 3976 s.
488 3936 554 3972 zu
591 3924 642 3988 2,
682 3925 766 3974 77.

288 3993 371 4042 12.
427 3990 682 4045 turbidus
708 3989 794 4045 als
823 3989 902 4058 Sy
903 4005 1015 4045 nou
1109 4005 1207 4044 um
1224 4004 1336 4043 von

223 4059 522 4129 seditiosus,
557 4059 653 4115 bei
686 4006 918 4116 Tacitus
954 4060 1027 4115 be
1053 4060 1186 4126 ‘ebt,
1221 4074 1336 4114 wo·

225 4145 401 4200 gegeu
446 4131 637 4188 Cicero
681 4133 1030 4188 turbulentas
1064 4130 1335 4187 vorzieht.

229 4275 256 4324 1
291 4207 374 4257 18.
445 4204 713 4260 exereitus
758 4204 900 4260 statt
935 4204 1194 4273 leyiones,
1230 4201 1336 4257 wie

261 4313 274 4341 ,
306 4277 392 4329 52.

1514 3282 1598 3333 16.
1632 3277 1870 3347 pertinet
1903 3275 2010 3330 mit
2046 3273 2288 3330 blossem
2315 3273 2564 3330 Infinitiv

1440 3349 1546 3404 wie
1584 3347 1838 3404 Cornific.
1878 3353 1936 3415 4,
1974 3352 2043 3401 27
2094 3363 2261 3416 quam
2296 3362 2410 3402 non
2438 3362 2565 3415 per-

1440 3421 1613 3475 tineat
1626 3419 1758 3475 aliis
1775 3419 2049 3474 ostendere
2055 3437 2076 3483 ;
2094 3418 2201 3471 mit
2219 3418 2348 3473 dem
2363 3419 2566 3472 Aecus.

1443 3509 1490 3548 c.
1527 3489 1679 3545 infin.
1718 3492 1779 3544 in
1817 3488 2038 3543 Ciceros
2068 3487 2310 3544 Briefen.
2339 3518 2410 3530 —
2438 3503 2564 3544 con·

1440 3567 1671 3618 trec-tare
1688 3561 1860 3617 oculis
1877 3560 2023 3614 nach
2038 3557 2165 3615 Seu.
2186 3561 2437 3616 controv.
2452 3564 2562 3628 1,2,

1445 3639 1552 3701 13.,
1598 3631 1745 3687 doch
1792 3631 1921 3701 sagt
1964 3631 2138 3686 sehon
2178 3630 2399 3686 Cicero:
2446 3635 2564 3686 tota

1443 3708 1617 3759 mente
1651 3707 1996 3759 contrectare.

1520 3780 1604 3830 17.
1642 3775 1955 3844 permittere
1977 3773 2311 3842 differrique.
2363 3770 2566 3829 Diesen

1445 3844 1711 3900 Wechsel
1741 3843 1840 3901 des
1876 3842 2109 3900 aktiven
2144 3844 2260 3898 und
2306 3843 2569 3912 passiven

1444 3915 1722 3972 Infinitive
1740 3916 1845 3970 hat
1867 3915 2097 3970 Tacitus
2128 3933 2234 3969 nur
2261 3914 2401 3982 hier,
2430 3914 2566 3969 aber

1442 4005 1546 4044 vor
1588 3988 1709 4043 ihm
1755 3987 1931 4042 schon
1976 3986 2150 4043 Casar
2192 3955 2565 4053 b.c.⁷1,32

1445 4060 1633 4115 omnia
1662 4058 1981 4128 permisceri
2015 4058 2240 4112 mallent
2273 4072 2439 4126 qnam
2466 4056 2568 4109 im-

1437 4132 1660 4200 perium
1694 4125 1977 4185 dimittere.
2053 4133 2119 4182 61
2159 4128 2569 4197 conquirere—

1446 4202 1668 4257 adduci.
1741 4205 1793 4254 2.
1830 4205 1912 4254 31..
1982 4197 2103 4253 Liv.
2141 4202 2237 4263 29,
2275 4201 2324 4250 4.
2363 4203 2460 4267 34,
2498 4202 2568 4252 37

1447 4273 1563 4327 und
1600 4272 1759 4328 oster.

392 432 512 499 Die
570 437 835 500 senatus
882 431 1124 500 Caesar
1182 435 1544 501 orationem
1599 434 1832 500 habuit
1887 434 2200 501 meditato
2246 436 2562 518 tempera·
2591 363 2675 501 112)
