2867 4625
996 93 1221 149 LIBER
1245 92 1344 149 IV.
1406 92 1564 148 CAR.
1593 98 1822 150 60-62.
2465 94 2597 161 241

243 258 544 339 silentio,
599 281 679 323 ex
723 279 897 325 voce.
996 279 1078 322 ne
1132 279 1266 322 nox
1311 256 1571 342 quidem
1627 278 1880 339 secura,
1936 278 2082 321 cum
2126 279 2289 323 uxor
2334 258 2598 345 vigilias
2642 278 2711 329 10

243 370 514 414 somnos
578 347 859 432 suspiria
920 346 1118 412 matri
1171 346 1394 412 Liviae
1460 347 1658 430 atque
1712 345 1829 409 illa
1885 342 2121 411 Seiano
2177 347 2601 436 patefaceret3

243 437 361 521 qui
426 437 697 502 fratrem
763 458 1018 522 quoque
1087 434 1369 501 Neronis
1432 433 1721 499 Drusum
1784 435 1988 499 traxit
2046 434 2116 500 in
2178 440 2423 523 partes,
2488 460 2604 523 spe

244 525 509 592 obiecta
570 526 883 611 principis
949 524 1108 609 loci,
1172 524 1231 590 si
1286 523 1570 608 priorem
1635 527 1846 589 aetate
1903 527 1970 588 et
2021 523 2153 589 iam
2208 526 2606 595 labefactum

240 614 661 681 demovisset.
747 619 937 680 atrox
979 612 1185 680 Drusi
1235 613 1572 698 ingenium
1620 634 1817 696 super
1861 612 2226 697 cupidinem
2270 616 2607 699 potentiae

241 710 311 769 et
378 705 580 769 solita
651 703 962 769 fratribus
1037 700 1187 767 odia
1259 701 1733 767 accendebatur
1803 701 2074 787 invidia,
2147 703 2318 788 quod
2392 708 2603 773 mater
2643 722 2715 772 15

237 793 619 878 Agrippina
669 792 1038 877 promptior
1079 789 1329 856 Neroni
1384 792 1540 855 erat.
1650 812 1858 876 neque
1922 793 2143 856 tamen
2188 790 2463 859 Seianus
2510 794 2605 860 ita

237 881 538 957 Drusum
592 881 885 961 fovebat,
940 884 1016 945 ut
1066 903 1202 946 non
1255 880 1327 944 in
1375 900 1523 944 eum
1570 901 1825 965 quoque
1882 881 2132 945 semina
2176 880 2380 946 futuri
2425 883 2609 949 exitii

241 970 704 1056 meditaretur,
741 991 981 1056 gnarus
1026 967 1468 1054 praeferocem
1506 971 1574 1033 et
1607 967 1864 1033 insidiis
1902 969 2111 1054 magis
2152 974 2606 1055 opportunum.

427 1059 590 1124 Fine
638 1059 793 1125 anni
839 1080 1168 1125 excessere
1227 1057 1518 1142 insignes
1565 1057 1688 1122 viri
1731 1055 2001 1123 Asinius
2046 1059 2364 1145 Agrippa,
2410 1057 2604 1126 claris
2624 1062 2711 1128 61

238 1146 607 1213 maioribus
654 1170 849 1232 quam
895 1149 1171 1214 vetustis
1220 1147 1483 1232 vitaque
1529 1168 1662 1211 non
1709 1146 2005 1233 degener,
2051 1151 2117 1212 et
2165 1147 2238 1224 Q.
2275 1147 2604 1233 Haterius,

237 1236 501 1302 familia
561 1237 913 1316 senatoria,
962 1236 1393 1323 eloquentiae,
1449 1234 1662 1320 quoad
1708 1234 1900 1319 vixit,
1956 1235 2348 1322 celebratae3
2396 1238 2603 1303 moni-

239 1328 475 1390 menta
526 1326 751 1412 ingeni
810 1325 948 1391 eius
1001 1324 1180 1391 haud
1231 1322 1498 1410 perinde
1557 1325 1938 1389 retinentur.
2049 1325 2298 1390 scilicet
2352 1326 2604 1411 impetu

238 1415 464 1500 magis
525 1437 721 1500 quam
776 1437 931 1485 cura
984 1414 1278 1502 vigebat3
1338 1416 1537 1497 utque
1593 1412 1873 1478 aliorum
1918 1413 2257 1479 meditatio
2306 1418 2373 1479 et
2417 1416 2604 1481 labor
2642 1414 2675 1464 ⁵

238 1504 315 1568 in
371 1507 707 1588 posterum
761 1502 1056 1589 valescit,
1113 1503 1206 1569 sic
1260 1500 1519 1567 Haterii
1574 1522 1885 1566 canorum
1938 1501 2101 1567 illud
2156 1507 2221 1568 et
2275 1503 2605 1587 profluens

241 1614 402 1661 cum
445 1593 588 1677 ipso
637 1593 830 1658 simul
877 1592 1232 1658 extinctum
1277 1593 1396 1657 est.

430 1681 518 1748 M.
569 1681 823 1747 Licinio
878 1680 951 1746 L.
999 1680 1355 1765 Calpurnio
1421 1678 1794 1744 consulibus
1858 1679 2223 1766 ingentium
2280 1681 2604 1748 bellorum
2625 1684 2715 1749 62

241 1769 502 1836 cladem
548 1771 853 1857 aequavit
887 1772 1134 1837 malum
1168 1767 1606 1854 inprovisum3
1653 1767 1789 1833 eius
1824 1768 2081 1833 initium
2121 1770 2316 1835 simul
2353 1775 2419 1835 et
2454 1771 2606 1837 finis

240 1859 520 1925 exstitit.
611 1882 764 1925 nam
811 1862 1039 1944 coepto
1088 1858 1261 1943 apud
1305 1855 1623 1922 Fidenam
1670 1857 2149 1941 amphitheatro
2189 1859 2430 1925 Atilius
2468 1861 2604 1945 qui-

237 1949 405 2015 dam
452 1949 739 2014 libertini
786 1949 1064 2033 generis,
1103 1970 1232 2033 quo
1281 1945 1720 2030 spectaculum
1756 1946 2191 2031 gladiatorum
2230 1949 2607 2035 celebraret,

233 2059 458 2122 neque
510 2038 932 2103 fundamenta
964 2059 1102 2123 ‚per
1146 2036 1425 2102 solidum
1481 2032 1771 2099 subdidit
1822 2056 2028 2121 neque
2073 2036 2280 2101 firmis
2324 2038 2597 2104 nexibus
2637 2057 2671 2105 5

236 2128 540 2211 ligneam
588 2147 971 2212 compagem
1016 2124 1476 2211 superstruxit,
1522 2126 1598 2187 ut
1641 2123 1751 2208 qui
1798 2146 1928 2188 non
1976 2124 2373 2191 abundantia
2417 2148 2606 2209 pecu-

235 2217 401 2281 niae
444 2237 564 2280 nec
610 2215 993 2299 municipali
1048 2211 1430 2295 ambitione,
1479 2211 1592 2277 sed
1644 2211 1716 2275 in
1762 2212 2090 2277 sordidam
2136 2214 2493 2279 mercedem
2535 2215 2610 2280 id

238 2305 593 2389 negotium
670 2303 1113 2390 quaesivisset.
1224 2302 1549 2369 adfluxere
1613 2300 1786 2367 avidi
1858 2302 2118 2387 talium,
2189 2302 2604 2388 imperitante

239 2393 517 2459 Tiberio
571 2395 797 2479 procul
850 2393 1302 2478 voluptatibus
1364 2390 1605 2474 habiti,
1665 2390 1847 2456 virile
1908 2413 1983 2457 ac
2039 2392 2354 2458 muliebre
2403 2415 2605 2479 secus,

239 2566 700 2638 Wiederholung
725 2587 833 2623 nur
860 2568 986 2624 hier
1008 2567 1099 2623 bei
1129 2566 1378 2623 Tacitus.
1561 2569 1609 2618 4.
1673 2564 1828 2618 haud
1855 2566 2090 2634 perinde
2127 2566 2321 2634 „nicht
2355 2567 2417 2621 in
2452 2568 2605 2623 dem-

239 2637 385 2711 vgl.
413 2639 531 2696 Liv.
572 2644 658 2709 21,
699 2646 785 2708 36,
826 2646 856 2694 ’1
893 2656 989 2695 eeu
1022 2640 1281 2694 manibus
1314 2640 1380 2693 in
1487 2633 1683 2689 selben
1708 2634 1940 2704 Masse“,
1977 2636 2084 2692 wie
2111 2641 2162 2705 2,
2202 2643 2269 2692 63
2306 2654 2422 2692 non
2460 2637 2600 2709 Pyr-

240 2712 605 2782 adeuryendo
638 2728 734 2767 seu
758 2727 903 2781 yenu
938 2726 995 2765 ee
1020 2711 1377 2765 adiuvissent.
1486 2707 1648 2761 rhum
1696 2710 1799 2761 aut
1843 2707 2178 2763 Antiochum
2224 2710 2432 2778 populo
2486 2710 2604 2766 Ro-

326 2786 410 2835 11.
481 2798 721 2851 somnos,
770 2782 822 2836 d.
860 2783 916 2838 h.
955 2780 1197 2836 Traume
1244 2780 1381 2836 oder
1486 2792 1651 2831 mano
1670 2777 1906 2846 perinde
1930 2780 2240 2834 memendos
2256 2780 2442 2847 fuisse.
2470 2780 2602 2837 hist.

243 2853 453 2908 Worte
490 2853 589 2908 des
628 2853 1020 2908 Schlafenden.
1485 2852 1538 2917 4,
1567 2853 1634 2901 62
1673 2849 1828 2903 intra
1862 2850 2068 2904 vallum
2102 2850 2420 2917 deformitas
2453 2852 2609 2908 haud

326 2927 411 2980 14.
482 2940 649 2993 snper
694 2925 835 2979 statt
862 2927 1109 2994 praeter,
1144 2923 1252 2978 wie
1288 2939 1376 2992 cp.
1477 2919 1715 2989 perinde
1749 2920 2031 2990 notabilis,
2068 2921 2183 2974 und
2219 2937 2281 2977 so
2320 2922 2480 2978 efter.

238 2999 319 3049 46
359 2994 478 3048 und
512 2995 672 3050 efter.
1561 2994 1613 3044 6.
1649 2991 1909 3047 valescere
1934 2991 2012 3046 ist
2027 2991 2286 3061 poetisch
2302 2993 2418 3047 und
2437 2994 2607 3050 nach·

317 3064 1033 3191 ·¹ss⁶;1²⁰'⁰’'1‘3⁹⁶t¹⁴·⁸’1.²1³⁹”i=i›gl’
1062 3064 1380 3189 ²⁰g⁶l¹²2ff⁴
1487 3058 2446 3201 Ξῖἶῖἒώῆνὸῖιιξῗηοωΐηὲαἶῗξῖ
2473 3082 2609 3191 ΡΞΟ·

247 3153 363 3277 ῗίἒι.
440 3153 653 3262 ἒῗῑιεῡὸ
667 3156 771 3291 ἐξά
813 3152 876 3262 ’ἓξ
924 3152 1245 3289 ᾱὲῗῗόαΐίν
1279 3154 1385 3287 dgr·-
1486 3172 1734 3259 Rede“.”
1768 3151 2170 3289 Dasselgggbei
2206 3204 2319 3260 Cic.
2358 3153 2610 3291 deeora?

241 3276 1381 3432 333.-,⁰ss:;..3·2¹3⁰..2¹'.5}.1323.¹¹⁵¹2x.²0.323
1488 3281 1541 3429 ξε
1572 3277 1906 3431 ἷέἦὲῗᾘ
1932 3277 2201 3402 9ἔὲἀά3ἐὲ
2213 3277 2607 3405 ἢέὒῖἴηῖἶίἰῖ

324 3425 412 3475 18.
471 3422 768 3490 praeferox
805 3419 951 3475 auch
979 3424 1065 3485 14,
1094 3424 1177 3474 38.
1244 3420 1377 3474 lust.
1486 3418 1632 3472 allud
1666 3435 1731 3473 m
1765 3433 1904 3473 voce.

243 3498 316 3561 4,
364 3497 452 3548 23.
504 3497 592 3546 32.
683 3493 819 3547 Erst
871 3491 981 3547 seit
1024 3490 1218 3547 Livius
1254 3506 1379 3545 vor·
1559 3488 1657 3544 62.
1726 3493 1774 3543 1.
1828 3489 2088 3543 Licinius
2126 3488 2359 3544 Crassus
2393 3489 2471 3545 ist
2506 3491 2606 3546 der

244 3563 578 3620 kommend.
1487 3559 1663 3613 Vater
1725 3558 1822 3614 des
1876 3557 2033 3628 Piso,
2092 3560 2201 3614 den
2255 3561 2355 3616 der
2409 3561 2610 3617 Kaiser

325 3633 424 3689 61.
510 3639 558 3689 1.
636 3619 789 3688 Uber
836 3631 1123 3703 Ayrippa,
1181 3632 1381 3688 dessen
1489 3630 1670 3685 Galba
1707 3630 2038 3700 adoptierte.
2066 3662 2138 3671 —
2163 3631 2234 3687 L.
2267 3632 2609 3703 Calpurnius

243 3703 421 3759 beide
469 3705 799 3761 Grol'svater
841 3705 1082 3761 homines
1115 3705 1246 3759 novi
1280 3718 1379 3773 ge·
1487 3701 1646 3770 Ρίεο,
1691 3717 1796 3754 vor
1840 3699 1968 3757 dem
2003 3702 2176 3757 Jahre
2211 3708 2282 3758 20
2328 3703 2435 3759 mit
2480 3706 2611 3760 dem

245 3791 443 3830 wesen
478 3792 681 3843 waren,
718 3795 760 3833 s.
800 3792 887 3845 cp.
926 3780 1012 3830 34.
1488 3770 1809 3826 Vomamen
1853 3771 2097 3839 Gnaeus,
2144 3776 2377 3830 anderte
2414 3775 2608 3831 diesen

326 3852 377 3902 2.
460 3845 578 3901 Vor
629 3864 795 3916 quam
848 3846 995 3901 fehlt
1045 3847 1238 3916 mayis.
1325 3844 1379 3899 S.
1490 3842 1591 3897 auf
1615 3841 2123 3911 Senatsbeschluss,
2161 3845 2291 3901 weil
2337 3847 2458 3901 sein
2494 3847 2607 3902 Va-

244 3916 402 3973 Einl.
441 3923 486 3983 §-
528 3924 614 3973 97.
662 3948 730 3959 —
775 3904 925 3973 Uber
959 3918 1232 3973 Haterius
1266 3916 1379 3986 vgl.
1488 3915 1601 3983 ter,
1668 3914 1765 3970 der
1826 3914 2003 3970 Feind
2067 3918 2164 3971 des
2229 3917 2607 3987 Germanicus,

247 4006 325 4044 zu
362 3996 422 4057 1,
474 3994 558 4044 13.
644 3988 810 4044 Scine
857 3989 1258 4045 Gewandtheit
1299 3988 1382 4041 im
1490 3984 1714 4041 Gnaeus
1749 3985 1910 4042 hiess.
1985 3993 2036 4055 3,
2080 3992 2163 4043 17.

243 4061 449 4117 Reden
470 4062 652 4116 artete
675 4080 743 4115 zu
770 4059 1162 4131 gektinstelter
1187 4058 1381 4115 Glatte
1561 4063 1610 4111 3.
1683 4057 1908 4113 Fidena
1953 4059 2035 4113 als
2085 4058 2236 4129 Sing.
2284 4059 2471 4112 zuerst
2513 4058 2611 4115 bei

243 4148 371 4187 aus.
1487 4127 1688 4199 Virgil,
1725 4128 1876 4183 dann
1912 4129 2042 4184 sehr
2078 4130 2259 4184 selteu
2292 4129 2373 4184 im
2411 4128 2609 4185 eilber-

324 4208 375 4258 3.
452 4203 638 4273 quoad
685 4202 788 4259 hat
834 4202 1067 4258 Tacitus
1115 4219 1220 4257 nur
1256 4199 1381 4255 hier
1486 4216 1597 4254 nen
1633 4198 1853 4256 Latein.

250 4275 370 4330 und
411 4279 461 4342 6,
503 4280 587 4329 51.
1560 4276 1609 4324 9.
1682 4287 1832 4327 secus
1869 4271 2011 4326 statt
2044 4286 2223 4338 sexus,
2249 4287 2355 4326 nur
2379 4271 2463 4326 im
2489 4273 2609 4329 No-

359 4374 468 4415 Tac.
496 4359 680 4416 Annalſj
702 4376 746 4416 Ι.
2114 4364 2179 4413 16
