2867 4625
888 114 1110 170 LIBER
1145 115 1289 170 XVI.
1344 113 1502 170 CAP.
1531 119 1723 168 8-11.

2367 110 2501 176 225

168 284 368 350 culum
417 282 613 368 longo
671 280 896 345 dolore
954 283 1168 363 atrOX,
1230 300 1308 342 ex
1363 298 1491 361 quo
1546 299 1960 361 percussores
2006 278 2227 345 Plauti
2279 278 2502 343 mariti

171 373 264 438 sui
289 372 551 456 viderat3
582 373 1043 452 cruentamque
1073 366 1385 433 cervicem
1414 366 1551 430 eius
1583 368 1883 451 amplexa
1912 369 2216 434 servabat
2238 365 2500 453 sangui-

169 483 306 526 nem
364 464 427 525 et
486 462 701 525 vestes
764 478 1124 542 respersae,
1189 455 1383 523 vidua
1447 456 1710 540 inplexa
1772 456 1954 521 luctu
2018 458 2325 523 continuo
2380 478 2502 522 nec

169 550 309 615 ullis
352 549 675 615 alimentis
720 546 848 612 nisi
892 567 1055 631 quae
1092 548 1371 610 mortem
1410 549 1720 610 arcerent.
1794 548 1936 610 tum
1972 545 2278 611 hortante
2314 549 2500 629 patre

176 638 493 723 Neapolim
539 640 773 723 pergit.
868 639 935 701 et
980 635 1134 719 quia
1179 634 1360 699 aditu
1405 632 1683 700 Neronis
1738 635 2230 719 prohibebatur,
2286 655 2500 720 egres-
2542 651 2609 700 15

176 750 289 793 sus
322 727 646 811 obsidenS,
702 725 956 790 audiret
1007 725 1334 790 insontem
1388 744 1551 789 neve
1600 725 1978 789 consulatus
2027 725 2127 789 sui
2174 724 2501 808 quondam

169 816 476 903 collegam
540 815 801 880 dederet
864 813 1129 897 liberto,
1194 812 1386 878 modo
1454 813 1751 877 muliebri
1818 814 2085 899 eiulatu,
2149 813 2499 898 aliquando

179 928 375 970 sexum
421 926 683 991 egressa
725 924 882 970 voce
927 901 1184 967 infensa
1228 900 1636 986 clamitabat,
1681 902 1885 968 donec
1929 902 2227 987 princeps
2273 903 2503 969 immo·

176 994 349 1059 bilem
395 1016 463 1059 se
507 993 809 1079 precibus
857 994 923 1075 et
968 990 1252 1057 invidiae
1299 991 1482 1054 iuxta
1526 990 1827 1057 ostendit.

331 1082 508 1169 Ergo
549 1083 811 1147 nuntiat
854 1055 1032 1168 patri
1072 1079 1324 1145 abicere
1371 1100 1552 1164 spem
1598 1082 1664 1144 et
1707 1081 1806 1145 uti
1852 1081 2263 1148 necessitate·
2312 1082 2506 1147 simul
2530 1082 2607 1146 11

170 1171 443 1236 adfertur
487 1172 706 1256 parari
750 1170 1190 1257 cognitionem
1237 1171 1501 1234 senatus
1544 1171 1611 1232 et
1645 1173 1895 1235 trucem
1935 1172 2346 1256 sententiam,
2388 1191 2509 1236 nec

178 1260 408 1325 defuere
456 1262 568 1344 qui
613 1263 952 1325 monerent
997 1279 1235 1344 magna
1277 1279 1360 1322 ex
1399 1260 1589 1341 parte
1625 1256 1927 1325 heredem
1967 1258 2309 1325 Caesarem
2345 1282 2508 1325 nun-

170 1371 387 1434 cupare
435 1353 630 1433 atque
675 1350 769 1414 ita
813 1348 1160 1433 nepotibus
1209 1347 1289 1411 de
1333 1347 1586 1430 reliquo
1635 1349 1985 1415 consulere.
2076 1349 2245 1434 quod
2293 1370 2508 1434 asper-

176 1442 376 1524 natus,
431 1460 516 1503 ne
574 1439 776 1503 vitam
824 1437 1116 1523 proxime
1161 1435 1536 1501 libertatem
1584 1439 1797 1501 actam
1843 1438 2196 1505 novissimo
2245 1439 2510 1542 servitio
2549 1455 2581 1505 5

175 1526 472 1612 foedaret,
536 1527 811 1613 largitur
873 1527 943 1591 in
1000 1547 1223 1591 servos
1281 1527 1599 1609 quantum
1654 1526 1879 1592 aderat
1932 1530 2271 1613 pecuniae3
2334 1528 2513 1594 etsi

176 1637 288 1700 qua
328 1617 654 1701 asportari
691 1619 979 1701 possent,
1026 1615 1153 1681 sibi
1190 1636 1510 1699 quemque
1549 1613 1878 1701 deducere,
1924 1618 2045 1683 tris
2083 1617 2276 1684 modo
2314 1618 2513 1683 lectu-

176 1703 263 1769 los
304 1706 383 1771 ad
431 1727 739 1790 suprema
782 1705 1048 1771 retineri
1093 1704 1290 1769 iubet.
1355 1707 1513 1769 tunc
1552 1704 1835 1769 eodem
1815 1728 1885 1770 ιιι
1921 1707 2238 1791 cubiculo,
2284 1706 2512 1772 eodem

175 1792 326 1859 ferro
364 1794 756 1860 abscindunt
789 1816 1003 1878 venas,
1050 1793 1435 1877 properique
1476 1796 1542 1857 et
1578 1795 1854 1877 singulis
1891 1796 2180 1861 vestibus
2219 1796 2301 1861 ad
2339 1818 2513 1862 vere·

172 1881 455 1948 cundiam
503 1883 700 1949 velati
746 1883 1023 1948 balineis
1075 1883 1470 1966 inferuntur,
1525 1886 1711 1966 pater
1757 1884 1986 1967 filiam,
2041 1887 2191 1951 avia
2234 1889 2513 1970 neptem,
2551 1901 2621 1950 10

176 1970 274 2036 illa
330 1976 643 2058 utrosque
709 1973 996 2057 intuens,
1061 1975 1129 2036 et
1192 1972 1487 2037 certatim
1554 1975 1895 2055 precantes
1955 1975 2204 2039 labenti
2259 1975 2512 2039 animae

179 2061 430 2127 celerem
478 2063 747 2143 exitum,
804 2066 879 2127 ut
924 2061 1361 2145 relinquerent
1406 2081 1560 2125 suos
1608 2063 1986 2145 superstites
2034 2067 2100 2127 et
2146 2063 2514 2129 morituros

177 2151 571 2237 servavitque
619 2150 911 2216 ordinem
959 2151 1237 2234 fortuna,
1286 2170 1362 2214 ac
1408 2149 1694 2214 seniores
1740 2151 1938 2235 prius,
1983 2154 2125 2217 tum
2163 2153 2268 2218 cui
2303 2153 2516 2238 prima

177 2242 338 2303 aetas
383 2240 867 2326 extinguuntur.
961 2240 1246 2305 accusati
1296 2242 1451 2324 post
1497 2239 1893 2323 sepulturam
1941 2240 2397 2327 decretumque
2443 2244 2517 2306 ut

175 2348 336 2393 more
392 2330 714 2395 maiorum
767 2330 1168 2414 punirentur.
1260 2333 1330 2392 at
1374 2327 1552 2394 Nero
1597 2329 1996 2414 intercessit,
2049 2335 2326 2397 mortem
2375 2331 2515 2397 sine
2556 2346 2623 2403 15

176 2417 405 2483 arbitro
452 2420 854 2503 permittens,
930 2441 1008 2484 ea
1054 2416 1354 2485 caedibus
1399 2419 1681 2501 peractis
1729 2419 2010 2484 ludibria
2058 2420 2519 2485 adiciebantur.

247 2596 322 2647 13.
358 2594 587 2694 ιηρῐεωα
625 2594 819 2661 luctu,
822 2594 902 2661 ,ιιι
930 2595 1143 2649 Trauer
1169 2607 1290 2648 ver·

182 2663 428 2718 sunken‘fl
504 2663 573 2718 In
609 2664 792 2719 dieser
827 2665 1152 2734 tropischen
1189 2664 1290 2717 Be-

183 2732 414 2806 deutung
451 2736 532 2791 ist
552 2736 855 2818 implectere
891 2737 1059 2806 (auch
1094 2736 1175 2790 im
1211 2733 1289 2790 ei·

182 2804 486 2871 gentlichen
507 2805 679 2862 Sinne
706 2807 961 2876 poetisch
987 2807 1103 2862 und
1121 2807 1291 2861 nach·

179 2873 461 2959 klassisch)
501 2872 601 2932 ἅπ.
642 2877 744 2946 elo
778 2879 857 2933 im
886 2879 1102 2934 Latein.
1159 2878 1289 2947 Vgl.

183 2944 264 3000 bei
320 2947 680 3004 Klassikern·
744 2950 1025 3019 implicari
1086 2951 1289 3018 morbO,

183 3022 466 3088 amoribus
512 3026 564 3076 et
607 3021 877 3076 molestiis.
919 3050 987 3062 —
1033 3020 1137 3076 Die
1182 3021 1288 3075 fol-

180 3090 385 3156 genden
418 3091 688 3147 Ablative
725 3093 848 3148 sind
885 3093 1135 3174 absolut,
1183 3091 1290 3147 wie

182 3175 259 3285 gga
285 3162 473 3290 {iaufig
531 3163 721 3218 nullus
767 3162 873 3218 mit
918 3161 1101 3218 einem
1152 3163 1288 3218 Sub-

260 3249 294 3285 n
338 3252 371 3288 v

250 3308 324 3356 14.
364 3306 644 3372 hortante,
691 3304 1014 3373 aoristisch,
1060 3304 1167 3361 wie
1208 3310 1291 3375 15,

187 3375 245 3424 62
279 3375 586 3447 denegante.

188 3518 261 3568 3·
252 3449 326 3498 15.
372 3463 615 3518 egressus
659 3447 738 3501 im
774 3448 967 3503 Plural
1014 3447 1158 3503 auch
1210 3453 1293 3517 15,

253 3591 361 3726 1¹17.l
365 3560 536 3714 {Xer
580 3590 738 3646 modo
787 3622 853 3630 -—-
902 3591 1206 3662 aliquando
1251 3607 1291 3644 ει.

186 3673 248 3709 ΖΠ

255 3734 330 3783 19.
365 3731 637 3802 invidia,
639 3732 1003 3804 ‚Vorwfirfe‘fl
1073 3732 1292 3789 Ebenso

189 3801 236 3863 3,
269 3805 331 3854 67
371 3774 655 3859 invidiam
683 3810 734 3859 et
759 3821 951 3874 preces
984 3806 1292 3860 miscuerat.

193 3872 237 3934 4,
270 3874 335 3924 53
369 3873 646 3930 invidiam
682 3881 733 3930 et
760 3892 950 3945 preces
986 3877 1221 3931 orditur.

257 4011 345 4068 11.
393 4021 441 4070 1.
489 4019 754 4074 nuntiare
795 4019 901 4072 mit
934 4017 1172 4074 blossem
1210 4018 1296 4071 In·

193 4079 361 4139 finitiv
394 4086 473 4140 ist
509 4082 605 4143 ἅπ.
645 4087 746 4159 sio.
813 4089 940 4160 Vgl.
983 4096 1065 4157 11,
1105 4095 1173 4144 37
1212 4089 1298 4144 de—

193 4156 609 4226 nuntiatque—
646 4163 868 4232 exsequi
902 4162 1127 4217 caedem.

1397 2606 1502 2660 pro
1541 2591 1824 2661 adverbio,
1861 2592 1968 2648 wie
2008 2601 2092 2664 11,
2130 2601 2163 2649 3
2190 2599 2407 2651 tantum
2431 2595 2522 2650 illi

1396 2664 1709 2719 securitatis
1743 2665 2069 2720 novissimae
2103 2668 2231 2734 fuit.

1471 2739 1520 2787 6.
1558 2733 1663 2789 Die
1699 2735 1925 2805 Prapos.
1964 2737 2028 2791 in
2062 2737 2394 2792 bezeichnet
2428 2736 2521 2791 die

1398 2804 1755 2876 Verteilung,
1803 2806 1911 2861 wie
1949 2813 2001 2878 2,
2037 2814 2071 2863 8
2109 2809 2421 2864 distributis
2456 2810 2522 2863 in

1398 2876 1632 2945 leqioncs
1665 2894 1731 2932 ac
1765 2879 1937 2933 socios
1973 2881 2223 2935 navibus.
2299 2879 2520 2935 Ebenso

1397 2946 1494 3001 bei
1524 2948 1783 3015 dividere,
1812 2950 2045 3018 partiri,
2081 2953 2227 3007 dare.
2264 2983 2326 2992 —-
2356 2939 2521 3006 Ubri-

1397 3033 1535 3086 gens
1582 2990 1949 3076 versch’enkte
1996 3038 2057 3076 er
2093 3022 2327 3078 deshalb
2364 3022 2524 3088 alles,

1397 3089 1528 3144 weil
1565 3090 1656 3145 die
1691 3091 2081 3148 Konflskation
2116 3091 2476 3149 bevorstand.

1471 3166 1521 3214 9.
1573 3164 1925 3232 properique,
1980 3163 2367 3234 pradikatives
2410 3164 2524 3218 Ad-

1395 3230 1580 3300 jektiv
1626 3235 1769 3289 statt
1811 3234 1965 3290 eines
2002 3235 2282 3306 Adverbs,
2330 3237 2434 3291 wie
2474 3242 2525 3303 6,

1399 3307 1472 3355 44
1503 3305 1686 3374 peryit
1716 3321 2001 3375 properus.
2066 3308 2198 3365 hist.
2239 3315 2290 3378 3,
2329 3314 2395 3363 47
2431 3323 2526 3362 su-

1400 3373 1548 3429 bitus
1583 3377 1816 3445 inrupit.
1884 3377 2204 3446 S.Ein1.§.
2245 3386 2294 3434 6.

1475 3450 1558 3501 12.
1605 3461 1747 3502 suos.
1822 3447 1998 3506 Nicht
2043 3450 2132 3505 die
2169 3450 2385 3506 Kinder
2428 3450 2528 3505 der

1401 3514 1642 3572 Pollitta
1683 3517 1809 3572 sind
1844 3522 2121 3590 gemeint,
2169 3522 2410 3578 sondern
2438 3522 2526 3591 je-

1401 3588 1502 3642 der
1556 3586 1657 3642 der
1706 3589 1828 3646 drei
1874 3563 2219 3650 Sterben⁷den
2268 3592 2529 3648 wflnscht

1403 3660 1586 3713 zuerst
1636 3678 1705 3714 zu
1752 3661 1933 3717 enden
1977 3664 2093 3718 und
2141 3681 2201 3720 so
2247 3664 2338 3719 die
2386 3662 2527 3718 zwei

1403 3730 1615 3784 andern
1662 3750 1728 3786 zu
1774 3733 2179 3803 hinterlassen,
2237 3734 2327 3789 die
2374 3734 2528 3789 dann

1400 3800 1626 3855 freilich
1681 3805 1825 3858 auch
1881 3807 2105 3862 sterben
2160 3805 2364 3872 sollen,
2429 3823 2531 3859 um

1402 3872 1653 3927 dadurch
1682 3875 1781 3928 der
1808 3876 2238 3947 schimpflichen
2265 3873 2528 3930 Hinrich-

1402 3945 1548 4014 tung
1584 3963 1651 3999 zu
1689 3948 1984 4017 entgehen.

1481 4020 1563 4070 15.
1612 4032 1757 4072 more
1800 4020 2094 4085 maiorwm,
2116 4017 2318 4072 durch
2361 4015 2529 4070 Stau-

1405 4103 1568 4212 pqr-{1⁷13
1597 4090 1729 4213 mlildi·
1742 4088 2407 4215 Epffiffiptffinffin—afgge
2420 4104 2534 4214 dagh

259 4228 308 4279 ὅ
351 4230 546 4286 noviss.
588 4235 862 4300 servitio,
867 4233 1091 4301 ,zuletzt
1125 4232 1300 4286 durch
1407 4229 1767 4299 freiwilligen
1792 4230 1913 4285 Tod
1943 4232 2196 4301 (liberum
2222 4231 2413 4288 mortis
2440 4247 2535 4287 ar-

196 4291 349 4350 einen
393 4298 747 4358 sklavischen
794 4304 963 4373 ΑΙιι“,
1010 4305 1127 4359 also
1172 4301 1300 4372 Adj-

294 4395 398 4437 rao.
424 4398 532 4440 Ann
536 4402 590 4442 ιι.
639 4403 705 4445 ιι

1407 4301 1656 4370 bitrium)
1695 4302 2011 4371 gewahren.

2009 4394 2016 4402 '
2030 4397 2093 4447 15
