<?xml version="1.0" encoding="UTF-8"?>
<!DOCTYPE html PUBLIC "-//W3C//DTD XHTML 1.0 Transitional//EN"
    "http://www.w3.org/TR/xhtml1/DTD/xhtml1-transitional.dtd">
<html xmlns="http://www.w3.org/1999/xhtml" xml:lang="en" lang="en">
 <head>
  <title>
</title>
<meta http-equiv="Content-Type" content="text/html;charset=utf-8" />
  <meta name='ocr-system' content='tesseract 3.04.00' />
  <meta name='ocr-capabilities' content='ocr_page ocr_carea ocr_par ocr_line ocrx_word'/>
</head>
<body>
  <div class='ocr_page' id='page_1' title='image "./dieannalendesta00draegoog_0059.png"; bbox 0 0 2867 4625; ppageno 0'>
   <div class='ocr_carea' id='block_1_1' title="bbox 1002 71 2564 142">
    <p class='ocr_par' dir='ltr' id='par_1_1' title="bbox 1002 71 2564 142">
     <span class='ocr_line' id='line_1_1' title="bbox 1002 71 2564 142; baseline 0.004 -17"><span class='ocrx_word' id='word_1_1' title='bbox 1002 71 1224 126; x_wconf 87' lang='lat' dir='ltr'><strong>LIBER</strong></span> <span class='ocrx_word' id='word_1_2' title='bbox 1258 72 1301 128; x_wconf 88' lang='lat' dir='ltr'><strong>L</strong></span> <span class='ocrx_word' id='word_1_3' title='bbox 1377 72 1533 129; x_wconf 80' lang='lat' dir='ltr'>OAP.</span> <span class='ocrx_word' id='word_1_4' title='bbox 1565 80 1759 129; x_wconf 86' lang='lat'>9—10.</span> <span class='ocrx_word' id='word_1_5' title='bbox 2478 77 2564 142; x_wconf 82' lang='lat'>47</span> 
     </span>
    </p>
   </div>
   <div class='ocr_carea' id='block_1_2' title="bbox 196 232 2646 1034">
    <p class='ocr_par' dir='ltr' id='par_1_2' title="bbox 196 232 2646 1034">
     <span class='ocr_line' id='line_1_2' title="bbox 379 232 2646 324; baseline 0.004 -26"><span class='ocrx_word' id='word_1_6' title='bbox 379 232 634 299; x_wconf 88' lang='lat' dir='ltr'>Multus</span> <span class='ocrx_word' id='word_1_7' title='bbox 671 233 827 298; x_wconf 85' lang='lat' dir='ltr'>hinc</span> <span class='ocrx_word' id='word_1_8' title='bbox 862 234 1007 318; x_wconf 90' lang='lat' dir='ltr'>ipso</span> <span class='ocrx_word' id='word_1_9' title='bbox 1037 234 1115 299; x_wconf 90' lang='lat' dir='ltr'>de</span> <span class='ocrx_word' id='word_1_10' title='bbox 1145 234 1447 321; x_wconf 88' lang='lat' dir='ltr'>Augusto</span> <span class='ocrx_word' id='word_1_11' title='bbox 1487 258 1718 320; x_wconf 89' lang='lat' dir='ltr'>sermo,</span> <span class='ocrx_word' id='word_1_12' title='bbox 1753 239 2081 324; x_wconf 88' lang='lat' dir='ltr'>plerisque</span> <span class='ocrx_word' id='word_1_13' title='bbox 2119 261 2289 305; x_wconf 84' lang='lat' dir='ltr'>vana</span> <span class='ocrx_word' id='word_1_14' title='bbox 2327 241 2563 306; x_wconf 89' lang='lat' dir='ltr'>miran-</span> <span class='ocrx_word' id='word_1_15' title='bbox 2605 242 2646 307; x_wconf 89' lang='lat'>9</span> 
     </span>
     <span class='ocr_line' id='line_1_3' title="bbox 208 322 2565 413; baseline 0.003 -26"><span class='ocrx_word' id='word_1_16' title='bbox 208 323 382 388; x_wconf 88' lang='lat' dir='ltr'>tibus</span> <span class='ocrx_word' id='word_1_17' title='bbox 446 323 621 409; x_wconf 88' lang='lat' dir='ltr'>quod</span> <span class='ocrx_word' id='word_1_18' title='bbox 679 322 853 386; x_wconf 89' lang='lat' dir='ltr'>idem</span> <span class='ocrx_word' id='word_1_19' title='bbox 916 322 1054 389; x_wconf 88' lang='lat' dir='ltr'>dies</span> <span class='ocrx_word' id='word_1_20' title='bbox 1114 325 1365 408; x_wconf 88' lang='lat' dir='ltr'>accepti</span> <span class='ocrx_word' id='word_1_21' title='bbox 1423 324 1752 409; x_wconf 89' lang='lat' dir='ltr'>quondam</span> <span class='ocrx_word' id='word_1_22' title='bbox 1810 327 2068 412; x_wconf 89' lang='lat' dir='ltr'>imperii</span> <span class='ocrx_word' id='word_1_23' title='bbox 2133 330 2434 413; x_wconf 90' lang='lat' dir='ltr'>princeps</span> <span class='ocrx_word' id='word_1_24' title='bbox 2499 334 2565 396; x_wconf 88' lang='lat' dir='ltr'>et</span> 
     </span>
     <span class='ocr_line' id='line_1_4' title="bbox 207 410 2566 503; baseline 0.003 -27"><span class='ocrx_word' id='word_1_25' title='bbox 207 412 378 477; x_wconf 84' lang='lat' dir='ltr'>vitae</span> <span class='ocrx_word' id='word_1_26' title='bbox 427 433 789 496; x_wconf 87' lang='lat' dir='ltr'>supremus,</span> <span class='ocrx_word' id='word_1_27' title='bbox 836 412 1007 495; x_wconf 91' lang='lat' dir='ltr'>quod</span> <span class='ocrx_word' id='word_1_28' title='bbox 1041 410 1251 477; x_wconf 87' lang='lat' dir='ltr'>Nolae</span> <span class='ocrx_word' id='word_1_29' title='bbox 1288 413 1355 477; x_wconf 89' lang='lat' dir='ltr'>in</span> <span class='ocrx_word' id='word_1_30' title='bbox 1394 413 1587 479; x_wconf 92' lang='lat' dir='ltr'>domo</span> <span class='ocrx_word' id='word_1_31' title='bbox 1635 416 1701 478; x_wconf 90' lang='lat' dir='ltr'>et</span> <span class='ocrx_word' id='word_1_32' title='bbox 1746 415 2041 481; x_wconf 88' lang='lat' dir='ltr'>cubiculo</span> <span class='ocrx_word' id='word_1_33' title='bbox 2086 417 2158 483; x_wconf 90' lang='lat' dir='ltr'>in</span> <span class='ocrx_word' id='word_1_34' title='bbox 2206 439 2333 503; x_wconf 90' lang='lat' dir='ltr'>quo</span> <span class='ocrx_word' id='word_1_35' title='bbox 2378 423 2566 502; x_wconf 88' lang='lat' dir='ltr'>pater</span> 
     </span>
     <span class='ocr_line' id='line_1_5' title="bbox 203 499 2563 572; baseline 0.003 -7"><span class='ocrx_word' id='word_1_36' title='bbox 203 501 341 566; x_wconf 89' lang='lat' dir='ltr'>eius</span> <span class='ocrx_word' id='word_1_37' title='bbox 403 499 714 566; x_wconf 86' lang='lat' dir='ltr'>Octavius</span> <span class='ocrx_word' id='word_1_38' title='bbox 775 500 982 565; x_wconf 79' lang='lat' dir='ltr'>vitam</span> <span class='ocrx_word' id='word_1_39' title='bbox 1040 501 1372 567; x_wconf 82' lang='lat' dir='ltr'>finivisset.</span> <span class='ocrx_word' id='word_1_40' title='bbox 1472 524 1781 568; x_wconf 88' lang='lat' dir='ltr'>numerus</span> <span class='ocrx_word' id='word_1_41' title='bbox 1846 505 2047 569; x_wconf 88' lang='lat' dir='ltr'>etiam</span> <span class='ocrx_word' id='word_1_42' title='bbox 2109 507 2563 572; x_wconf 74' lang='lat' dir='ltr'>consulatuum</span> 
     </span>
     <span class='ocr_line' id='line_1_6' title="bbox 201 588 2635 681; baseline 0.003 -26"><span class='ocrx_word' id='word_1_43' title='bbox 201 590 679 669; x_wconf 77' lang='lat' dir='ltr'>celebrabatur,</span> <span class='ocrx_word' id='word_1_44' title='bbox 718 610 845 673; x_wconf 88' lang='lat' dir='ltr'>quo</span> <span class='ocrx_word' id='word_1_45' title='bbox 875 588 1210 655; x_wconf 87' lang='lat' dir='ltr'>Valerium</span> <span class='ocrx_word' id='word_1_46' title='bbox 1248 588 1531 656; x_wconf 82' lang='lat' dir='ltr'>Corvum</span> <span class='ocrx_word' id='word_1_47' title='bbox 1570 595 1637 656; x_wconf 90' lang='lat' dir='ltr'>et</span> <span class='ocrx_word' id='word_1_48' title='bbox 1675 589 1744 657; x_wconf 82' lang='lat' dir='ltr'>O.</span> <span class='ocrx_word' id='word_1_49' title='bbox 1772 591 2058 659; x_wconf 89' lang='lat' dir='ltr'>Marium</span> <span class='ocrx_word' id='word_1_50' title='bbox 2095 595 2287 661; x_wconf 90' lang='lat' dir='ltr'>simul</span> <span class='ocrx_word' id='word_1_51' title='bbox 2330 617 2562 681; x_wconf 88' lang='lat' dir='ltr'>aequa·</span> <span class='ocrx_word' id='word_1_52' title='bbox 2601 614 2635 662; x_wconf 84' lang='lat'>5</span> 
     </span>
     <span class='ocr_line' id='line_1_7' title="bbox 201 677 2563 771; baseline 0.002 -26"><span class='ocrx_word' id='word_1_53' title='bbox 201 681 415 761; x_wconf 84' lang='lat' dir='ltr'>verat,</span> <span class='ocrx_word' id='word_1_54' title='bbox 470 677 853 744; x_wconf 89' lang='lat' dir='ltr'>continuata</span> <span class='ocrx_word' id='word_1_55' title='bbox 905 699 1024 762; x_wconf 93' lang='lat' dir='ltr'>per</span> <span class='ocrx_word' id='word_1_56' title='bbox 1069 683 1318 763; x_wconf 89' lang='lat' dir='ltr'>septem</span> <span class='ocrx_word' id='word_1_57' title='bbox 1365 683 1433 745; x_wconf 87' lang='lat' dir='ltr'>et</span> <span class='ocrx_word' id='word_1_58' title='bbox 1477 680 1754 766; x_wconf 86' lang='lat' dir='ltr'>triginta</span> <span class='ocrx_word' id='word_1_59' title='bbox 1800 704 2004 747; x_wconf 88' lang='lat' dir='ltr'>annos</span> <span class='ocrx_word' id='word_1_60' title='bbox 2050 683 2403 750; x_wconf 87' lang='lat' dir='ltr'>tribunicia</span> <span class='ocrx_word' id='word_1_61' title='bbox 2445 708 2563 771; x_wconf 87' lang='lat' dir='ltr'>po-</span> 
     </span>
     <span class='ocr_line' id='line_1_8' title="bbox 197 766 2562 859; baseline 0.004 -28"><span class='ocrx_word' id='word_1_62' title='bbox 197 771 434 850; x_wconf 79' lang='lat' dir='ltr'>testaS,</span> <span class='ocrx_word' id='word_1_63' title='bbox 475 788 718 833; x_wconf 93' lang='lat' dir='ltr'>nomen</span> <span class='ocrx_word' id='word_1_64' title='bbox 760 766 1173 850; x_wconf 88' lang='lat' dir='ltr'>imperatoris</span> <span class='ocrx_word' id='word_1_65' title='bbox 1220 769 1422 833; x_wconf 90' lang='lat' dir='ltr'>semel</span> <span class='ocrx_word' id='word_1_66' title='bbox 1469 773 1663 853; x_wconf 89' lang='lat' dir='ltr'>atque</span> <span class='ocrx_word' id='word_1_67' title='bbox 1709 770 1951 836; x_wconf 82' lang='lat' dir='ltr'>viciens</span> <span class='ocrx_word' id='word_1_68' title='bbox 1997 774 2260 855; x_wconf 87' lang='lat' dir='ltr'>partum</span> <span class='ocrx_word' id='word_1_69' title='bbox 2308 775 2562 859; x_wconf 87' lang='lat' dir='ltr'>aliaque</span> 
     </span>
     <span class='ocr_line' id='line_1_9' title="bbox 196 855 2561 945; baseline 0.003 -23"><span class='ocrx_word' id='word_1_70' title='bbox 196 855 530 922; x_wconf 88' lang='lat' dir='ltr'>honorum</span> <span class='ocrx_word' id='word_1_71' title='bbox 583 855 1019 937; x_wconf 85' lang='lat' dir='ltr'>multiplicata</span> <span class='ocrx_word' id='word_1_72' title='bbox 1066 859 1182 921; x_wconf 87' lang='lat' dir='ltr'>aut</span> <span class='ocrx_word' id='word_1_73' title='bbox 1225 878 1415 924; x_wconf 82' lang='lat' dir='ltr'>nova.</span> <span class='ocrx_word' id='word_1_74' title='bbox 1508 862 1579 922; x_wconf 91' lang='lat' dir='ltr'>at</span> <span class='ocrx_word' id='word_1_75' title='bbox 1623 859 1795 941; x_wconf 89' lang='lat' dir='ltr'>apud</span> <span class='ocrx_word' id='word_1_76' title='bbox 1839 860 2190 945; x_wconf 74' lang='lat' dir='ltr'>prudentes</span> <span class='ocrx_word' id='word_1_77' title='bbox 2236 863 2376 927; x_wconf 82' lang='lat' dir='ltr'>vita</span> <span class='ocrx_word' id='word_1_78' title='bbox 2420 864 2561 928; x_wconf 91' lang='lat' dir='ltr'>eius</span> 
     </span>
     <span class='ocr_line' id='line_1_10' title="bbox 198 943 2558 1034; baseline 0.002 -23"><span class='ocrx_word' id='word_1_79' title='bbox 198 945 378 1011; x_wconf 85' lang='lat' dir='ltr'>varie</span> <span class='ocrx_word' id='word_1_80' title='bbox 426 943 862 1009; x_wconf 74' lang='lat' dir='ltr'>extollebatur</span> <span class='ocrx_word' id='word_1_81' title='bbox 909 946 1404 1031; x_wconf 86' lang='lat' dir='ltr'>arguebaturve.</span> <span class='ocrx_word' id='word_1_82' title='bbox 1496 946 1567 1011; x_wconf 84' lang='lat' dir='ltr'>hi</span> <span class='ocrx_word' id='word_1_83' title='bbox 1610 948 1855 1030; x_wconf 88' lang='lat' dir='ltr'>pietate</span> <span class='ocrx_word' id='word_1_84' title='bbox 1902 969 2059 1034; x_wconf 89' lang='lat' dir='ltr'>erga</span> <span class='ocrx_word' id='word_1_85' title='bbox 2104 955 2445 1033; x_wconf 88' lang='lat' dir='ltr'>parentem</span> <span class='ocrx_word' id='word_1_86' title='bbox 2492 955 2558 1016; x_wconf 95' lang='lat' dir='ltr'>et</span> 
     </span>
    </p>
   </div>
   <div class='ocr_carea' id='block_1_3' title="bbox 197 1032 2669 1124">
    <p class='ocr_par' dir='ltr' id='par_1_3' title="bbox 197 1032 2669 1124">
     <span class='ocr_line' id='line_1_11' title="bbox 197 1032 2669 1124; baseline 0.003 -26"><span class='ocrx_word' id='word_1_87' title='bbox 197 1033 674 1098; x_wconf 82' lang='lat' dir='ltr'>necessitudine</span> <span class='ocrx_word' id='word_1_88' title='bbox 727 1032 824 1097; x_wconf 93' lang='lat' dir='ltr'>rei</span> <span class='ocrx_word' id='word_1_89' title='bbox 878 1034 1203 1118; x_wconf 88' lang='lat' dir='ltr'>publicae,</span> <span class='ocrx_word' id='word_1_90' title='bbox 1263 1035 1332 1098; x_wconf 90' lang='lat' dir='ltr'>in</span> <span class='ocrx_word' id='word_1_91' title='bbox 1377 1057 1509 1120; x_wconf 87' lang='lat' dir='ltr'>qua</span> <span class='ocrx_word' id='word_1_92' title='bbox 1555 1035 1772 1101; x_wconf 88' lang='lat' dir='ltr'>nullus</span> <span class='ocrx_word' id='word_1_93' title='bbox 1826 1039 1983 1102; x_wconf 87' lang='lat' dir='ltr'>tunc</span> <span class='ocrx_word' id='word_1_94' title='bbox 2038 1039 2295 1124; x_wconf 86' lang='lat' dir='ltr'>legibus</span> <span class='ocrx_word' id='word_1_95' title='bbox 2355 1040 2555 1124; x_wconf 74' lang='lat' dir='ltr'>locuS,</span> <span class='ocrx_word' id='word_1_96' title='bbox 2600 1058 2669 1107; x_wconf 85' lang='lat'>10</span> 
     </span>
    </p>
   </div>
   <div class='ocr_carea' id='block_1_4' title="bbox 202 1122 2557 1212">
    <p class='ocr_par' dir='ltr' id='par_1_4' title="bbox 202 1122 2557 1212">
     <span class='ocr_line' id='line_1_12' title="bbox 202 1122 2557 1212; baseline 0.003 -25"><span class='ocrx_word' id='word_1_97' title='bbox 202 1123 286 1187; x_wconf 91' lang='lat' dir='ltr'>ad</span> <span class='ocrx_word' id='word_1_98' title='bbox 324 1144 509 1187; x_wconf 89' lang='lat' dir='ltr'>arma</span> <span class='ocrx_word' id='word_1_99' title='bbox 546 1122 760 1187; x_wconf 85' lang='lat' dir='ltr'>civilia</span> <span class='ocrx_word' id='word_1_100' title='bbox 796 1125 1029 1206; x_wconf 89' lang='lat' dir='ltr'>actum,</span> <span class='ocrx_word' id='word_1_101' title='bbox 1067 1145 1233 1209; x_wconf 91' lang='lat' dir='ltr'>quae</span> <span class='ocrx_word' id='word_1_102' title='bbox 1269 1145 1484 1208; x_wconf 91' lang='lat' dir='ltr'>neque</span> <span class='ocrx_word' id='word_1_103' title='bbox 1519 1126 1739 1209; x_wconf 88' lang='lat' dir='ltr'>parari</span> <span class='ocrx_word' id='word_1_104' title='bbox 1772 1129 2047 1209; x_wconf 88' lang='lat' dir='ltr'>possent</span> <span class='ocrx_word' id='word_1_105' title='bbox 2081 1148 2290 1212; x_wconf 88' lang='lat' dir='ltr'>neque</span> <span class='ocrx_word' id='word_1_106' title='bbox 2327 1128 2557 1193; x_wconf 88' lang='lat' dir='ltr'>haberi</span> 
     </span>
    </p>
   </div>
   <div class='ocr_carea' id='block_1_5' title="bbox 200 1211 855 1295">
    <p class='ocr_par' dir='ltr' id='par_1_5' title="bbox 200 1211 855 1295">
     <span class='ocr_line' id='line_1_13' title="bbox 200 1211 855 1295; baseline 0 -19"><span class='ocrx_word' id='word_1_107' title='bbox 200 1233 319 1295; x_wconf 91' lang='lat' dir='ltr'>per</span> <span class='ocrx_word' id='word_1_108' title='bbox 381 1211 594 1276; x_wconf 92' lang='lat' dir='ltr'>bonas</span> <span class='ocrx_word' id='word_1_109' title='bbox 658 1215 855 1277; x_wconf 73' lang='lat' dir='ltr'>arteS.</span> 
     </span>
    </p>
   </div>
   <div class='ocr_carea' id='block_1_6' title="bbox 959 1212 2562 1301">
    <p class='ocr_par' dir='ltr' id='par_1_6' title="bbox 959 1212 2562 1301">
     <span class='ocr_line' id='line_1_14' title="bbox 959 1212 2562 1301; baseline 0.004 -25"><span class='ocrx_word' id='word_1_110' title='bbox 959 1212 1169 1277; x_wconf 87' lang='lat' dir='ltr'>multa</span> <span class='ocrx_word' id='word_1_111' title='bbox 1231 1212 1553 1296; x_wconf 88' lang='lat' dir='ltr'>Antonio,</span> <span class='ocrx_word' id='word_1_112' title='bbox 1619 1213 1772 1278; x_wconf 90' lang='lat' dir='ltr'>dum</span> <span class='ocrx_word' id='word_1_113' title='bbox 1835 1214 2287 1281; x_wconf 86' lang='lat' dir='ltr'>interfectores</span> <span class='ocrx_word' id='word_1_114' title='bbox 2352 1217 2562 1301; x_wconf 88' lang='lat' dir='ltr'>patris</span> 
     </span>
    </p>
   </div>
   <div class='ocr_carea' id='block_1_7' title="bbox 202 1299 2563 1477">
    <p class='ocr_par' dir='ltr' id='par_1_7' title="bbox 202 1299 2563 1477">
     <span class='ocr_line' id='line_1_15' title="bbox 206 1299 2563 1387; baseline 0.003 -23"><span class='ocrx_word' id='word_1_115' title='bbox 206 1300 655 1382; x_wconf 87' lang='lat' dir='ltr'>ulcisceretur,</span> <span class='ocrx_word' id='word_1_116' title='bbox 700 1301 908 1365; x_wconf 89' lang='lat' dir='ltr'>multa</span> <span class='ocrx_word' id='word_1_117' title='bbox 943 1299 1189 1384; x_wconf 89' lang='lat' dir='ltr'>Lepido</span> <span class='ocrx_word' id='word_1_118' title='bbox 1237 1303 1651 1368; x_wconf 87' lang='lat' dir='ltr'>concessisse.</span> <span class='ocrx_word' id='word_1_119' title='bbox 1722 1306 2071 1387; x_wconf 83' lang='lat' dir='ltr'>postquam</span> <span class='ocrx_word' id='word_1_120' title='bbox 2115 1304 2223 1370; x_wconf 89' lang='lat' dir='ltr'>hic</span> <span class='ocrx_word' id='word_1_121' title='bbox 2267 1306 2563 1372; x_wconf 87' lang='lat' dir='ltr'>socordia</span> 
     </span>
     <span class='ocr_line' id='line_1_16' title="bbox 202 1388 2562 1477; baseline 0.003 -23"><span class='ocrx_word' id='word_1_122' title='bbox 202 1390 510 1473; x_wconf 88' lang='lat' dir='ltr'>senuerit,</span> <span class='ocrx_word' id='word_1_123' title='bbox 553 1389 665 1454; x_wconf 91' lang='lat' dir='ltr'>ille</span> <span class='ocrx_word' id='word_1_124' title='bbox 710 1411 828 1474; x_wconf 92' lang='lat' dir='ltr'>per</span> <span class='ocrx_word' id='word_1_125' title='bbox 872 1388 1174 1455; x_wconf 86' lang='lat' dir='ltr'>libidines</span> <span class='ocrx_word' id='word_1_126' title='bbox 1219 1412 1485 1475; x_wconf 88' lang='lat' dir='ltr'>pessum</span> <span class='ocrx_word' id='word_1_127' title='bbox 1534 1391 1722 1456; x_wconf 88' lang='lat' dir='ltr'>datus</span> <span class='ocrx_word' id='word_1_128' title='bbox 1769 1393 1873 1477; x_wconf 91' lang='lat' dir='ltr'>sit,</span> <span class='ocrx_word' id='word_1_129' title='bbox 1919 1414 2056 1458; x_wconf 93' lang='lat' dir='ltr'>non</span> <span class='ocrx_word' id='word_1_130' title='bbox 2101 1393 2276 1459; x_wconf 90' lang='lat' dir='ltr'>aliud</span> <span class='ocrx_word' id='word_1_131' title='bbox 2323 1394 2562 1460; x_wconf 88' lang='lat' dir='ltr'>discor-</span> 
     </span>
    </p>
   </div>
   <div class='ocr_carea' id='block_1_8' title="bbox 200 1477 2669 1568">
    <p class='ocr_par' dir='ltr' id='par_1_8' title="bbox 200 1477 2669 1568">
     <span class='ocr_line' id='line_1_17' title="bbox 200 1477 2669 1568; baseline 0.003 -26"><span class='ocrx_word' id='word_1_132' title='bbox 200 1478 418 1543; x_wconf 87' lang='lat' dir='ltr'>dantis</span> <span class='ocrx_word' id='word_1_133' title='bbox 476 1478 727 1559; x_wconf 79' lang='lat' dir='ltr'>patriae</span> <span class='ocrx_word' id='word_1_134' title='bbox 787 1477 1142 1543; x_wconf 87' lang='lat' dir='ltr'>remedium</span> <span class='ocrx_word' id='word_1_135' title='bbox 1207 1479 1409 1545; x_wconf 86' lang='lat' dir='ltr'>fuisse</span> <span class='ocrx_word' id='word_1_136' title='bbox 1475 1501 1672 1565; x_wconf 90' lang='lat' dir='ltr'>quam</span> <span class='ocrx_word' id='word_1_137' title='bbox 1732 1487 1807 1546; x_wconf 77' lang='lat' dir='ltr'>ut</span> <span class='ocrx_word' id='word_1_138' title='bbox 1866 1482 1950 1546; x_wconf 90' lang='lat' dir='ltr'>ab</span> <span class='ocrx_word' id='word_1_139' title='bbox 2016 1504 2148 1548; x_wconf 91' lang='lat' dir='ltr'>uno</span> <span class='ocrx_word' id='word_1_140' title='bbox 2213 1487 2562 1568; x_wconf 88' lang='lat' dir='ltr'>regeretur.</span> <span class='ocrx_word' id='word_1_141' title='bbox 2603 1499 2669 1549; x_wconf 83' lang='lat'>15</span> 
     </span>
    </p>
   </div>
   <div class='ocr_carea' id='block_1_9' title="bbox 197 1567 2670 2012">
    <p class='ocr_par' dir='ltr' id='par_1_9' title="bbox 197 1567 2670 2012">
     <span class='ocr_line' id='line_1_18' title="bbox 197 1567 2561 1654; baseline 0.003 -23"><span class='ocrx_word' id='word_1_142' title='bbox 197 1588 332 1631; x_wconf 96' lang='lat' dir='ltr'>non</span> <span class='ocrx_word' id='word_1_143' title='bbox 377 1587 582 1651; x_wconf 86' lang='lat' dir='ltr'>regno</span> <span class='ocrx_word' id='word_1_144' title='bbox 627 1570 852 1632; x_wconf 88' lang='lat' dir='ltr'>tamen</span> <span class='ocrx_word' id='word_1_145' title='bbox 896 1588 1102 1651; x_wconf 89' lang='lat' dir='ltr'>neque</span> <span class='ocrx_word' id='word_1_146' title='bbox 1146 1567 1500 1652; x_wconf 82' lang='lat' dir='ltr'>dictatura,</span> <span class='ocrx_word' id='word_1_147' title='bbox 1557 1569 1671 1633; x_wconf 91' lang='lat' dir='ltr'>sed</span> <span class='ocrx_word' id='word_1_148' title='bbox 1725 1570 2036 1654; x_wconf 89' lang='lat' dir='ltr'>principis</span> <span class='ocrx_word' id='word_1_149' title='bbox 2092 1572 2355 1638; x_wconf 90' lang='lat' dir='ltr'>nomine</span> <span class='ocrx_word' id='word_1_150' title='bbox 2411 1593 2561 1638; x_wconf 90' lang='lat' dir='ltr'>con·</span> 
     </span>
     <span class='ocr_line' id='line_1_19' title="bbox 199 1656 2561 1747; baseline 0.002 -26"><span class='ocrx_word' id='word_1_151' title='bbox 199 1656 504 1721; x_wconf 88' lang='lat' dir='ltr'>stitutam</span> <span class='ocrx_word' id='word_1_152' title='bbox 540 1677 680 1719; x_wconf 86' lang='lat' dir='ltr'>rem</span> <span class='ocrx_word' id='word_1_153' title='bbox 722 1656 1075 1741; x_wconf 86' lang='lat' dir='ltr'>publicam,</span> <span class='ocrx_word' id='word_1_154' title='bbox 1120 1657 1287 1720; x_wconf 88' lang='lat' dir='ltr'>mari</span> <span class='ocrx_word' id='word_1_155' title='bbox 1322 1656 1582 1723; x_wconf 90' lang='lat' dir='ltr'>Oceano</span> <span class='ocrx_word' id='word_1_156' title='bbox 1629 1661 1748 1722; x_wconf 89' lang='lat' dir='ltr'>aut</span> <span class='ocrx_word' id='word_1_157' title='bbox 1793 1660 2092 1724; x_wconf 91' lang='lat' dir='ltr'>amnibus</span> <span class='ocrx_word' id='word_1_158' title='bbox 2141 1660 2561 1747; x_wconf 88' lang='lat' dir='ltr'>longuinquis</span> 
     </span>
     <span class='ocr_line' id='line_1_20' title="bbox 198 1744 2561 1834; baseline 0.003 -25"><span class='ocrx_word' id='word_1_159' title='bbox 198 1747 502 1829; x_wconf 87' lang='lat' dir='ltr'>saeptum</span> <span class='ocrx_word' id='word_1_160' title='bbox 547 1744 908 1828; x_wconf 90' lang='lat' dir='ltr'>imperium.</span> <span class='ocrx_word' id='word_1_161' title='bbox 997 1744 1316 1831; x_wconf 83' lang='lat' dir='ltr'>legiones,</span> <span class='ocrx_word' id='word_1_162' title='bbox 1359 1747 1728 1830; x_wconf 84' lang='lat' dir='ltr'>provincias</span> <span class='ocrx_word' id='word_1_163' title='bbox 1742 1797 1761 1831; x_wconf 94' lang='lat'>,</span> <span class='ocrx_word' id='word_1_164' title='bbox 1806 1748 2071 1834; x_wconf 89' lang='lat' dir='ltr'>classes,</span> <span class='ocrx_word' id='word_1_165' title='bbox 2116 1754 2346 1815; x_wconf 90' lang='lat' dir='ltr'>cuncta</span> <span class='ocrx_word' id='word_1_166' title='bbox 2391 1750 2561 1815; x_wconf 84' lang='lat' dir='ltr'>inter</span> 
     </span>
     <span class='ocr_line' id='line_1_21' title="bbox 198 1833 2560 1923; baseline 0.002 -24"><span class='ocrx_word' id='word_1_167' title='bbox 198 1856 270 1899; x_wconf 90' lang='lat' dir='ltr'>se</span> <span class='ocrx_word' id='word_1_168' title='bbox 309 1855 584 1917; x_wconf 81' lang='lat' dir='ltr'>conexa3</span> <span class='ocrx_word' id='word_1_169' title='bbox 620 1834 722 1898; x_wconf 92' lang='lat' dir='ltr'>ius</span> <span class='ocrx_word' id='word_1_170' title='bbox 762 1833 934 1916; x_wconf 90' lang='lat' dir='ltr'>apud</span> <span class='ocrx_word' id='word_1_171' title='bbox 971 1834 1162 1917; x_wconf 85' lang='lat' dir='ltr'>cives,</span> <span class='ocrx_word' id='word_1_172' title='bbox 1199 1833 1586 1900; x_wconf 89' lang='lat' dir='ltr'>modestiam</span> <span class='ocrx_word' id='word_1_173' title='bbox 1625 1835 1796 1918; x_wconf 90' lang='lat' dir='ltr'>apud</span> <span class='ocrx_word' id='word_1_174' title='bbox 1825 1837 2058 1923; x_wconf 87' lang='lat' dir='ltr'>socios,</span> <span class='ocrx_word' id='word_1_175' title='bbox 2092 1839 2321 1903; x_wconf 86' lang='lat' dir='ltr'>urbem</span> <span class='ocrx_word' id='word_1_176' title='bbox 2348 1839 2560 1923; x_wconf 90' lang='lat' dir='ltr'>ipsam</span> 
     </span>
     <span class='ocr_line' id='line_1_22' title="bbox 200 1922 2670 2012; baseline 0.002 -26"><span class='ocrx_word' id='word_1_177' title='bbox 200 1922 555 2007; x_wconf 84' lang='lat' dir='ltr'>magnifico</span> <span class='ocrx_word' id='word_1_178' title='bbox 621 1926 884 2005; x_wconf 83' lang='lat' dir='ltr'>ornatu3</span> <span class='ocrx_word' id='word_1_179' title='bbox 947 1943 1156 2007; x_wconf 91' lang='lat' dir='ltr'>pauca</span> <span class='ocrx_word' id='word_1_180' title='bbox 1220 1922 1567 1990; x_wconf 87' lang='lat' dir='ltr'>admodum</span> <span class='ocrx_word' id='word_1_181' title='bbox 1630 1925 1696 1989; x_wconf 82' lang='lat' dir='ltr'>vi</span> <span class='ocrx_word' id='word_1_182' title='bbox 1759 1929 2070 2012; x_wconf 88' lang='lat' dir='ltr'>tractata,</span> <span class='ocrx_word' id='word_1_183' title='bbox 2136 1949 2263 2011; x_wconf 93' lang='lat' dir='ltr'>quo</span> <span class='ocrx_word' id='word_1_184' title='bbox 2330 1927 2561 1992; x_wconf 89' lang='lat' dir='ltr'>ceteris</span> <span class='ocrx_word' id='word_1_185' title='bbox 2601 1943 2670 1992; x_wconf 79' lang='lat'>20</span> 
     </span>
    </p>
   </div>
   <div class='ocr_carea' id='block_1_10' title="bbox 202 2014 628 2096">
    <p class='ocr_par' dir='ltr' id='par_1_10' title="bbox 202 2014 628 2096">
     <span class='ocr_line' id='line_1_23' title="bbox 202 2014 628 2096; baseline -0.005 -20"><span class='ocrx_word' id='word_1_186' title='bbox 202 2033 390 2096; x_wconf 87' lang='lat' dir='ltr'>qmes</span> <span class='ocrx_word' id='word_1_187' title='bbox 437 2014 628 2076; x_wconf 93' lang='lat' dir='ltr'>esset.</span> 
     </span>
    </p>
   </div>
   <div class='ocr_carea' id='block_1_11' title="bbox 378 2099 2668 2187">
    <p class='ocr_par' dir='ltr' id='par_1_11' title="bbox 378 2099 2668 2187">
     <span class='ocr_line' id='line_1_24' title="bbox 378 2099 2668 2187; baseline 0.002 -23"><span class='ocrx_word' id='word_1_188' title='bbox 378 2099 736 2165; x_wconf 87' lang='lat' dir='ltr'>Dicebatur</span> <span class='ocrx_word' id='word_1_189' title='bbox 781 2104 1037 2165; x_wconf 89' lang='lat' dir='ltr'>contra:</span> <span class='ocrx_word' id='word_1_190' title='bbox 1083 2099 1400 2183; x_wconf 88' lang='lat' dir='ltr'>pietatem</span> <span class='ocrx_word' id='word_1_191' title='bbox 1448 2121 1602 2186; x_wconf 88' lang='lat' dir='ltr'>erga</span> <span class='ocrx_word' id='word_1_192' title='bbox 1647 2105 1981 2185; x_wconf 90' lang='lat' dir='ltr'>parentem</span> <span class='ocrx_word' id='word_1_193' title='bbox 2021 2106 2086 2168; x_wconf 91' lang='lat' dir='ltr'>et</span> <span class='ocrx_word' id='word_1_194' title='bbox 2121 2107 2419 2187; x_wconf 90' lang='lat' dir='ltr'>tempora</span> <span class='ocrx_word' id='word_1_195' title='bbox 2463 2105 2556 2170; x_wconf 90' lang='lat' dir='ltr'>rei</span> <span class='ocrx_word' id='word_1_196' title='bbox 2586 2105 2668 2169; x_wconf 86' lang='lat'>10</span> 
     </span>
    </p>
   </div>
   <div class='ocr_carea' id='block_1_12' title="bbox 194 2187 2561 2455">
    <p class='ocr_par' dir='ltr' id='par_1_12' title="bbox 194 2187 2561 2455">
     <span class='ocr_line' id='line_1_25' title="bbox 195 2187 2559 2275; baseline 0.002 -23"><span class='ocrx_word' id='word_1_197' title='bbox 195 2189 505 2272; x_wconf 88' lang='lat' dir='ltr'>publicae</span> <span class='ocrx_word' id='word_1_198' title='bbox 541 2187 842 2253; x_wconf 90' lang='lat' dir='ltr'>obtentui</span> <span class='ocrx_word' id='word_1_199' title='bbox 877 2192 1157 2274; x_wconf 88' lang='lat' dir='ltr'>sumpta,</span> <span class='ocrx_word' id='word_1_200' title='bbox 1203 2193 1486 2254; x_wconf 87' lang='lat' dir='ltr'>ceterum</span> <span class='ocrx_word' id='word_1_201' title='bbox 1523 2190 1821 2275; x_wconf 90' lang='lat' dir='ltr'>cupidine</span> <span class='ocrx_word' id='word_1_202' title='bbox 1859 2191 2239 2257; x_wconf 90' lang='lat' dir='ltr'>dominandi</span> <span class='ocrx_word' id='word_1_203' title='bbox 2273 2193 2559 2258; x_wconf 89' lang='lat' dir='ltr'>concitos</span> 
     </span>
     <span class='ocr_line' id='line_1_26' title="bbox 196 2277 2557 2366; baseline 0.002 -23"><span class='ocrx_word' id='word_1_204' title='bbox 196 2299 322 2362; x_wconf 87' lang='lat' dir='ltr'>per</span> <span class='ocrx_word' id='word_1_205' title='bbox 357 2277 777 2363; x_wconf 85' lang='lat' dir='ltr'>largitionem</span> <span class='ocrx_word' id='word_1_206' title='bbox 803 2281 1164 2363; x_wconf 81' lang='lat' dir='ltr'>veteranos,</span> <span class='ocrx_word' id='word_1_207' title='bbox 1198 2281 1503 2363; x_wconf 87' lang='lat' dir='ltr'>paratum</span> <span class='ocrx_word' id='word_1_208' title='bbox 1533 2279 1616 2344; x_wconf 89' lang='lat' dir='ltr'>ab</span> <span class='ocrx_word' id='word_1_209' title='bbox 1656 2278 2065 2347; x_wconf 89' lang='lat' dir='ltr'>adulescente</span> <span class='ocrx_word' id='word_1_210' title='bbox 2092 2281 2349 2366; x_wconf 88' lang='lat' dir='ltr'>privato</span> <span class='ocrx_word' id='word_1_211' title='bbox 2380 2303 2557 2347; x_wconf 83' lang='lat' dir='ltr'>exer-</span> 
     </span>
     <span class='ocr_line' id='line_1_27' title="bbox 194 2366 2561 2455; baseline 0.002 -24"><span class='ocrx_word' id='word_1_212' title='bbox 194 2367 432 2449; x_wconf 89' lang='lat' dir='ltr'>citum,</span> <span class='ocrx_word' id='word_1_213' title='bbox 489 2370 824 2451; x_wconf 86' lang='lat' dir='ltr'>corruptas</span> <span class='ocrx_word' id='word_1_214' title='bbox 880 2366 1166 2433; x_wconf 91' lang='lat' dir='ltr'>consulis</span> <span class='ocrx_word' id='word_1_215' title='bbox 1212 2368 1537 2453; x_wconf 84' lang='lat' dir='ltr'>legiones,</span> <span class='ocrx_word' id='word_1_216' title='bbox 1595 2368 1971 2434; x_wconf 85' lang='lat' dir='ltr'>simulatam</span> <span class='ocrx_word' id='word_1_217' title='bbox 2016 2369 2561 2455; x_wconf 86' lang='lat' dir='ltr'>Pompeianarum</span> 
     </span>
    </p>
   </div>
   <div class='ocr_carea' id='block_1_13' title="bbox 192 2456 1503 2540">
    <p class='ocr_par' dir='ltr' id='par_1_13' title="bbox 192 2456 1503 2540">
     <span class='ocr_line' id='line_1_28' title="bbox 192 2456 1503 2540; baseline 0.002 -20"><span class='ocrx_word' id='word_1_218' title='bbox 192 2456 483 2540; x_wconf 88' lang='lat' dir='ltr'>gratiam</span> <span class='ocrx_word' id='word_1_219' title='bbox 520 2456 822 2540; x_wconf 88' lang='lat' dir='ltr'>partium.</span> <span class='ocrx_word' id='word_1_220' title='bbox 897 2478 1050 2521; x_wconf 87' lang='lat' dir='ltr'>mox</span> <span class='ocrx_word' id='word_1_221' title='bbox 1084 2456 1199 2520; x_wconf 90' lang='lat' dir='ltr'>ubi</span> <span class='ocrx_word' id='word_1_222' title='bbox 1244 2457 1503 2523; x_wconf 88' lang='lat' dir='ltr'>decreto</span> 
     </span>
    </p>
   </div>
   <div class='ocr_carea' id='block_1_14' title="bbox 1550 2458 2628 2543">
    <p class='ocr_par' dir='ltr' id='par_1_14' title="bbox 1550 2458 2628 2543">
     <span class='ocr_line' id='line_1_29' title="bbox 1550 2458 2628 2543; baseline 0.002 -21"><span class='ocrx_word' id='word_1_223' title='bbox 1550 2462 1812 2542; x_wconf 90' lang='lat' dir='ltr'>patrum</span> <span class='ocrx_word' id='word_1_224' title='bbox 1856 2458 2066 2523; x_wconf 90' lang='lat' dir='ltr'>fasces</span> <span class='ocrx_word' id='word_1_225' title='bbox 2114 2462 2183 2523; x_wconf 92' lang='lat' dir='ltr'>et</span> <span class='ocrx_word' id='word_1_226' title='bbox 2224 2460 2327 2523; x_wconf 90' lang='lat' dir='ltr'>ius</span> <span class='ocrx_word' id='word_1_227' title='bbox 2374 2480 2556 2543; x_wconf 91' lang='lat' dir='ltr'>prae-</span> <span class='ocrx_word' id='word_1_228' title='bbox 2594 2476 2628 2524; x_wconf 82' lang='lat'>5</span> 
     </span>
    </p>
   </div>
   <div class='ocr_carea' id='block_1_15' title="bbox 136 2543 2557 2632">
    <p class='ocr_par' dir='ltr' id='par_1_15' title="bbox 136 2543 2557 2632">
     <span class='ocr_line' id='line_1_30' title="bbox 136 2543 2557 2632; baseline 0.002 -23"><span class='ocrx_word' id='word_1_229' title='bbox 136 2572 143 2576; x_wconf 84' lang='lat'><strong>·</strong></span> <span class='ocrx_word' id='word_1_230' title='bbox 190 2545 361 2610; x_wconf 88' lang='lat' dir='ltr'>toris</span> <span class='ocrx_word' id='word_1_231' title='bbox 419 2544 756 2629; x_wconf 86' lang='lat' dir='ltr'>invaserit,</span> <span class='ocrx_word' id='word_1_232' title='bbox 810 2545 1016 2610; x_wconf 90' lang='lat' dir='ltr'>caesis</span> <span class='ocrx_word' id='word_1_233' title='bbox 1061 2543 1278 2611; x_wconf 91' lang='lat' dir='ltr'>Hirtio</span> <span class='ocrx_word' id='word_1_234' title='bbox 1335 2548 1402 2610; x_wconf 91' lang='lat' dir='ltr'>et</span> <span class='ocrx_word' id='word_1_235' title='bbox 1446 2544 1687 2629; x_wconf 88' lang='lat' dir='ltr'>Pansa,</span> <span class='ocrx_word' id='word_1_236' title='bbox 1743 2547 1880 2612; x_wconf 83' lang='lat' dir='ltr'>sive</span> <span class='ocrx_word' id='word_1_237' title='bbox 1936 2547 2147 2612; x_wconf 90' lang='lat' dir='ltr'>hostis</span> <span class='ocrx_word' id='word_1_238' title='bbox 2203 2548 2386 2632; x_wconf 91' lang='lat' dir='ltr'>illos,</span> <span class='ocrx_word' id='word_1_239' title='bbox 2444 2570 2557 2613; x_wconf 87' lang='lat' dir='ltr'>seu</span> 
     </span>
    </p>
   </div>
   <div class='ocr_carea' id='block_1_16' title="bbox 179 2752 1328 4246">
    <p class='ocr_par' dir='ltr' id='par_1_16' title="bbox 188 2752 1326 3249">
     <span class='ocr_line' id='line_1_31' title="bbox 264 2752 1326 2810; baseline 0 0"><span class='ocrx_word' id='word_1_240' title='bbox 264 2756 326 2810; x_wconf 77' lang='lat'>9.</span> <span class='ocrx_word' id='word_1_241' title='bbox 377 2760 429 2808; x_wconf 90' lang='grc'><strong>2.</strong></span> <span class='ocrx_word' id='word_1_242' title='bbox 477 2755 620 2809; x_wconf 76' lang='lat' dir='ltr'>idem</span> <span class='ocrx_word' id='word_1_243' title='bbox 655 2755 786 2809; x_wconf 79' lang='lat' dir='ltr'>dies.</span> <span class='ocrx_word' id='word_1_244' title='bbox 841 2755 949 2809; x_wconf 86' lang='lat' dir='ltr'>Am</span> <span class='ocrx_word' id='word_1_245' title='bbox 990 2759 1073 2809; x_wconf 82' lang='lat'>19.</span> <span class='ocrx_word' id='word_1_246' title='bbox 1104 2752 1152 2807; x_wconf 86' lang='lat' dir='ltr'>A</span> <span class='ocrx_word' id='word_1_247' title='bbox 1270 2757 1326 2810; x_wconf 82' lang='lat' dir='ltr'>st</span> 
     </span>
     <span class='ocr_line' id='line_1_32' title="bbox 190 2823 1323 2881; baseline -0.001 -1"><span class='ocrx_word' id='word_1_248' title='bbox 190 2830 263 2880; x_wconf 78' lang='lat'>43</span> <span class='ocrx_word' id='word_1_249' title='bbox 301 2844 357 2881; x_wconf 84' lang='lat' dir='ltr'>v.</span> <span class='ocrx_word' id='word_1_250' title='bbox 390 2825 518 2880; x_wconf 88' lang='lat' dir='ltr'>Chr.</span> <span class='ocrx_word' id='word_1_251' title='bbox 548 2827 666 2880; x_wconf 85' lang='lat' dir='ltr'>trat</span> <span class='ocrx_word' id='word_1_252' title='bbox 703 2842 765 2879; x_wconf 87' lang='lat' dir='ltr'>er</span> <span class='ocrx_word' id='word_1_253' title='bbox 801 2823 923 2879; x_wconf 87' lang='lat' dir='ltr'>sein</span> <span class='ocrx_word' id='word_1_254' title='bbox 959 2828 1135 2880; x_wconf 88' lang='lat' dir='ltr'>erstes</span> <span class='ocrx_word' id='word_1_255' title='bbox 1225 2842 1323 2880; x_wconf 89' lang='lat' dir='ltr'>on-</span> 
     </span>
     <span class='ocr_line' id='line_1_33' title="bbox 191 2895 1323 2965; baseline 0.001 -15"><span class='ocrx_word' id='word_1_256' title='bbox 191 2897 345 2953; x_wconf 84' lang='lat' dir='ltr'>sulat</span> <span class='ocrx_word' id='word_1_257' title='bbox 383 2912 473 2951; x_wconf 82' lang='lat' dir='ltr'>an.</span> <span class='ocrx_word' id='word_1_258' title='bbox 547 2896 634 2949; x_wconf 91' lang='lat' dir='ltr'>Im</span> <span class='ocrx_word' id='word_1_259' title='bbox 668 2912 883 2965; x_wconf 85' lang='lat' dir='ltr'>ganzen</span> <span class='ocrx_word' id='word_1_260' title='bbox 918 2913 1037 2951; x_wconf 83' lang='lat' dir='ltr'>war</span> <span class='ocrx_word' id='word_1_261' title='bbox 1072 2914 1133 2951; x_wconf 90' lang='lat' dir='ltr'>er</span> <span class='ocrx_word' id='word_1_262' title='bbox 1174 2895 1323 2951; x_wconf 86' lang='lat' dir='ltr'>drei-</span> 
     </span>
     <span class='ocr_line' id='line_1_34' title="bbox 188 2965 1321 3034; baseline -0.001 -11"><span class='ocrx_word' id='word_1_263' title='bbox 188 2968 335 3023; x_wconf 81' lang='lat' dir='ltr'>zelm</span> <span class='ocrx_word' id='word_1_264' title='bbox 373 2967 493 3022; x_wconf 86' lang='lat' dir='ltr'>Mal</span> <span class='ocrx_word' id='word_1_265' title='bbox 540 2965 783 3034; x_wconf 87' lang='lat' dir='ltr'>Konsul,</span> <span class='ocrx_word' id='word_1_266' title='bbox 829 2967 951 3022; x_wconf 89' lang='lat' dir='ltr'>also</span> <span class='ocrx_word' id='word_1_267' title='bbox 997 2984 1059 3023; x_wconf 84' lang='lat' dir='ltr'>so</span> <span class='ocrx_word' id='word_1_268' title='bbox 1106 2967 1192 3022; x_wconf 73' lang='lat' dir='ltr'>oft</span> <span class='ocrx_word' id='word_1_269' title='bbox 1236 2968 1321 3022; x_wconf 84' lang='lat' dir='ltr'>als</span> 
     </span>
     <span class='ocr_line' id='line_1_35' title="bbox 189 3037 1320 3108; baseline -0.002 -14"><span class='ocrx_word' id='word_1_270' title='bbox 189 3038 408 3094; x_wconf 82' lang='lat' dir='ltr'>Corvus</span> <span class='ocrx_word' id='word_1_271' title='bbox 459 3038 579 3092; x_wconf 86' lang='lat' dir='ltr'>und</span> <span class='ocrx_word' id='word_1_272' title='bbox 632 3037 843 3092; x_wconf 85' lang='lat' dir='ltr'>Marius</span> <span class='ocrx_word' id='word_1_273' title='bbox 905 3054 1320 3108; x_wconf 83' lang='lat' dir='ltr'>zusammenge—</span> 
     </span>
     <span class='ocr_line' id='line_1_36' title="bbox 191 3107 1319 3177; baseline 0 -13"><span class='ocrx_word' id='word_1_274' title='bbox 191 3125 490 3177; x_wconf 89' lang='lat' dir='ltr'>nommen,</span> <span class='ocrx_word' id='word_1_275' title='bbox 525 3109 677 3163; x_wconf 89' lang='lat' dir='ltr'>denn</span> <span class='ocrx_word' id='word_1_276' title='bbox 706 3107 871 3177; x_wconf 87' lang='lat' dir='ltr'>jener</span> <span class='ocrx_word' id='word_1_277' title='bbox 904 3124 1024 3164; x_wconf 80' lang='lat' dir='ltr'>war</span> <span class='ocrx_word' id='word_1_278' title='bbox 1059 3126 1119 3165; x_wconf 88' lang='lat' dir='ltr'>es</span> <span class='ocrx_word' id='word_1_279' title='bbox 1157 3110 1319 3165; x_wconf 89' lang='lat' dir='ltr'>sechs</span> 
     </span>
     <span class='ocr_line' id='line_1_37' title="bbox 189 3177 1249 3249; baseline 0.001 -15"><span class='ocrx_word' id='word_1_280' title='bbox 189 3179 329 3249; x_wconf 77' lang='lat' dir='ltr'>Mal,</span> <span class='ocrx_word' id='word_1_281' title='bbox 370 3179 555 3234; x_wconf 88' lang='lat' dir='ltr'>dieser</span> <span class='ocrx_word' id='word_1_282' title='bbox 592 3179 784 3235; x_wconf 83' lang='lat' dir='ltr'>sieben</span> <span class='ocrx_word' id='word_1_283' title='bbox 818 3177 936 3234; x_wconf 81' lang='lat' dir='ltr'>Mal</span> <span class='ocrx_word' id='word_1_284' title='bbox 971 3195 1249 3249; x_wconf 80' lang='lat' dir='ltr'>gewesen.</span> 
     </span>
    </p>

    <p class='ocr_par' dir='ltr' id='par_1_17' title="bbox 265 3239 1318 3321">
     <span class='ocr_line' id='line_1_38' title="bbox 265 3239 1318 3321; baseline 0.001 -14"><span class='ocrx_word' id='word_1_285' title='bbox 265 3258 314 3308; x_wconf 78' lang='lat' dir='ltr'>e.</span> <span class='ocrx_word' id='word_1_286' title='bbox 335 3239 494 3306; x_wconf 73' lang='lat' dir='ltr'>Uber</span> <span class='ocrx_word' id='word_1_287' title='bbox 512 3250 605 3305; x_wconf 80' lang='lat' dir='ltr'>die</span> <span class='ocrx_word' id='word_1_288' title='bbox 623 3251 830 3306; x_wconf 58' lang='lat' dir='ltr'>menn.</span> <span class='ocrx_word' id='word_1_289' title='bbox 842 3255 1087 3320; x_wconf 70' lang='lat' dir='ltr'>potestas</span> <span class='ocrx_word' id='word_1_290' title='bbox 1105 3269 1148 3306; x_wconf 79' lang='lat' dir='ltr'>s.</span> <span class='ocrx_word' id='word_1_291' title='bbox 1170 3268 1255 3321; x_wconf 83' lang='lat' dir='ltr'>cp.</span> <span class='ocrx_word' id='word_1_292' title='bbox 1268 3258 1318 3308; x_wconf 83' lang='lat'>2.</span> 
     </span>
    </p>

    <p class='ocr_par' dir='ltr' id='par_1_18' title="bbox 263 3320 1318 3388">
     <span class='ocr_line' id='line_1_39' title="bbox 263 3320 1318 3388; baseline 0.001 -11"><span class='ocrx_word' id='word_1_293' title='bbox 263 3329 314 3378; x_wconf 83' lang='grc'><strong>7.</strong></span> <span class='ocrx_word' id='word_1_294' title='bbox 356 3323 480 3377; x_wconf 79' lang='lat' dir='ltr'>alia</span> <span class='ocrx_word' id='word_1_295' title='bbox 505 3323 789 3386; x_wconf 75' lang='lat' dir='ltr'>honorum,</span> <span class='ocrx_word' id='word_1_296' title='bbox 819 3340 863 3377; x_wconf 91' lang='lat' dir='ltr'>s.</span> <span class='ocrx_word' id='word_1_297' title='bbox 891 3320 1036 3376; x_wconf 69' lang='lat' dir='ltr'>Erinl.</span> <span class='ocrx_word' id='word_1_298' title='bbox 1068 3327 1118 3388; x_wconf 72' lang='lat'>§-</span> <span class='ocrx_word' id='word_1_299' title='bbox 1147 3328 1234 3377; x_wconf 88' lang='lat'>40.</span> <span class='ocrx_word' id='word_1_300' title='bbox 1262 3323 1318 3379; x_wconf 89' lang='lat' dir='ltr'>b.</span> 
     </span>
    </p>

    <p class='ocr_par' dir='ltr' id='par_1_19' title="bbox 188 3391 1320 3742">
     <span class='ocr_line' id='line_1_40' title="bbox 260 3391 1318 3462; baseline -0.002 -13"><span class='ocrx_word' id='word_1_301' title='bbox 260 3399 314 3449; x_wconf 88' lang='grc'>9.</span> <span class='ocrx_word' id='word_1_302' title='bbox 333 3398 644 3462; x_wconf 72' lang='lat' dir='ltr'>parentem,</span> <span class='ocrx_word' id='word_1_303' title='bbox 665 3391 914 3447; x_wconf 69' lang='lat' dir='ltr'>namlich</span> <span class='ocrx_word' id='word_1_304' title='bbox 930 3391 1112 3448; x_wconf 87' lang='lat' dir='ltr'>Julius</span> <span class='ocrx_word' id='word_1_305' title='bbox 1129 3393 1318 3448; x_wconf 69' lang='lat' dir='ltr'>Casar.</span> 
     </span>
     <span class='ocr_line' id='line_1_41' title="bbox 189 3462 1319 3520; baseline -0.001 -1"><span class='ocrx_word' id='word_1_306' title='bbox 189 3463 250 3519; x_wconf 87' lang='lat' dir='ltr'>[n</span> <span class='ocrx_word' id='word_1_307' title='bbox 318 3465 455 3520; x_wconf 87' lang='lat' dir='ltr'>dem</span> <span class='ocrx_word' id='word_1_308' title='bbox 510 3463 673 3518; x_wconf 87' lang='lat' dir='ltr'>Satze</span> <span class='ocrx_word' id='word_1_309' title='bbox 734 3463 884 3518; x_wconf 86' lang='lat' dir='ltr'>fehlt</span> <span class='ocrx_word' id='word_1_310' title='bbox 945 3463 1038 3518; x_wconf 92' lang='lat' dir='ltr'>ein</span> <span class='ocrx_word' id='word_1_311' title='bbox 1099 3462 1319 3519; x_wconf 85' lang='lat' dir='ltr'>aktives</span> 
     </span>
     <span class='ocr_line' id='line_1_42' title="bbox 188 3533 1319 3603; baseline -0.002 -12"><span class='ocrx_word' id='word_1_312' title='bbox 188 3535 446 3592; x_wconf 87' lang='lat' dir='ltr'>Verbum</span> <span class='ocrx_word' id='word_1_313' title='bbox 498 3533 747 3603; x_wconf 87' lang='lat' dir='ltr'>dicendi,</span> <span class='ocrx_word' id='word_1_314' title='bbox 804 3551 905 3589; x_wconf 86' lang='lat' dir='ltr'>aus</span> <span class='ocrx_word' id='word_1_315' title='bbox 957 3533 1066 3589; x_wconf 88' lang='lat' dir='ltr'>den</span> <span class='ocrx_word' id='word_1_316' title='bbox 1114 3534 1319 3590; x_wconf 87' lang='lat' dir='ltr'>beiden</span> 
     </span>
     <span class='ocr_line' id='line_1_43' title="bbox 188 3603 1320 3675; baseline -0.001 -12"><span class='ocrx_word' id='word_1_317' title='bbox 188 3605 694 3675; x_wconf 70' lang='lat' dir='ltr'>voraufgehenden</span> <span class='ocrx_word' id='word_1_318' title='bbox 756 3603 1002 3661; x_wconf 85' lang='lat' dir='ltr'>Passivis</span> <span class='ocrx_word' id='word_1_319' title='bbox 1066 3624 1136 3661; x_wconf 86' lang='lat' dir='ltr'>zu</span> <span class='ocrx_word' id='word_1_320' title='bbox 1198 3608 1320 3662; x_wconf 85' lang='lat' dir='ltr'>ent·</span> 
     </span>
     <span class='ocr_line' id='line_1_44' title="bbox 188 3675 930 3742; baseline -0.001 -9"><span class='ocrx_word' id='word_1_321' title='bbox 188 3679 459 3733; x_wconf 85' lang='lat' dir='ltr'>nehmen.</span> <span class='ocrx_word' id='word_1_322' title='bbox 501 3676 557 3732; x_wconf 83' lang='lat' dir='ltr'>S.</span> <span class='ocrx_word' id='word_1_323' title='bbox 585 3675 735 3732; x_wconf 83' lang='lat' dir='ltr'>Einl.</span> <span class='ocrx_word' id='word_1_324' title='bbox 764 3681 812 3742; x_wconf 64' lang='grc' dir='ltr'><strong>ξ.</strong></span> <span class='ocrx_word' id='word_1_325' title='bbox 844 3682 930 3732; x_wconf 91' lang='grc'><strong>21.</strong></span> 
     </span>
    </p>

    <p class='ocr_par' dir='ltr' id='par_1_20' title="bbox 179 3726 1327 4105">
     <span class='ocr_line' id='line_1_45' title="bbox 262 3726 1326 3806; baseline 0 -3"><span class='ocrx_word' id='word_1_326' title='bbox 262 3754 353 3806; x_wconf 84' lang='grc'><strong>17.</strong></span> <span class='ocrx_word' id='word_1_327' title='bbox 390 3747 502 3804; x_wconf 90' lang='lat' dir='ltr'>Die</span> <span class='ocrx_word' id='word_1_328' title='bbox 528 3747 698 3803; x_wconf 86' lang='lat' dir='ltr'>Form</span> <span class='ocrx_word' id='word_1_329' title='bbox 724 3764 876 3803; x_wconf 58' lang='lat' dir='ltr'>matre</span> <span class='ocrx_word' id='word_1_330' title='bbox 905 3747 1154 3803; x_wconf 78' lang='lat' dir='ltr'>Oceamus</span> <span class='ocrx_word' id='word_1_331' title='bbox 1180 3726 1326 3803; x_wconf 67' lang='lat' dir='ltr'>ancli</span> 
     </span>
     <span class='ocr_line' id='line_1_46' title="bbox 186 3817 1324 3889; baseline 0 -14"><span class='ocrx_word' id='word_1_332' title='bbox 186 3820 320 3876; x_wconf 79' lang='lat' dir='ltr'>hist.</span> <span class='ocrx_word' id='word_1_333' title='bbox 377 3826 439 3886; x_wconf 82' lang='lat'>4,</span> <span class='ocrx_word' id='word_1_334' title='bbox 494 3824 561 3873; x_wconf 81' lang='lat'>12</span> <span class='ocrx_word' id='word_1_335' title='bbox 616 3819 733 3873; x_wconf 80' lang='lat' dir='ltr'>und</span> <span class='ocrx_word' id='word_1_336' title='bbox 789 3817 912 3875; x_wconf 66' lang='lat' dir='ltr'>css.</span> <span class='ocrx_word' id='word_1_337' title='bbox 964 3818 1112 3889; x_wconf 64' lang='lat' dir='ltr'>ug.</span> <span class='ocrx_word' id='word_1_338' title='bbox 1161 3826 1220 3888; x_wconf 88' lang='lat'>3,</span> <span class='ocrx_word' id='word_1_339' title='bbox 1275 3825 1324 3875; x_wconf 77' lang='lat'>7.</span> 
     </span>
     <span class='ocr_line' id='line_1_47' title="bbox 186 3890 1326 3958; baseline -0.002 -10"><span class='ocrx_word' id='word_1_340' title='bbox 186 3908 341 3948; x_wconf 81' lang='lat' dir='ltr'>mare</span> <span class='ocrx_word' id='word_1_341' title='bbox 392 3890 629 3946; x_wconf 80' lang='lat' dir='ltr'>Hadria</span> <span class='ocrx_word' id='word_1_342' title='bbox 681 3906 808 3945; x_wconf 88' lang='lat' dir='ltr'>ann.</span> <span class='ocrx_word' id='word_1_343' title='bbox 864 3894 958 3958; x_wconf 86' lang='lat'>15,</span> <span class='ocrx_word' id='word_1_344' title='bbox 1011 3895 1098 3945; x_wconf 81' lang='lat'>34.</span> <span class='ocrx_word' id='word_1_345' title='bbox 1170 3891 1326 3946; x_wconf 78' lang='lat' dir='ltr'>sidus</span> 
     </span>
     <span class='ocr_line' id='line_1_48' title="bbox 187 3962 1327 4031; baseline 0.002 -12"><span class='ocrx_word' id='word_1_346' title='bbox 187 3969 413 4020; x_wconf 67' lang='lat' dir='ltr'>cometes</span> <span class='ocrx_word' id='word_1_347' title='bbox 462 3967 559 4031; x_wconf 87' lang='lat'>14,</span> <span class='ocrx_word' id='word_1_348' title='bbox 598 3966 683 4019; x_wconf 90' lang='grc'><strong>22.</strong></span> <span class='ocrx_word' id='word_1_349' title='bbox 734 3967 829 4030; x_wconf 80' lang='lat'>15,</span> <span class='ocrx_word' id='word_1_350' title='bbox 867 3966 954 4016; x_wconf 78' lang='lat'>47.</span> <span class='ocrx_word' id='word_1_351' title='bbox 1027 3962 1327 4031; x_wconf 73' lang='lat' dir='ltr'>imperator</span> 
     </span>
     <span class='ocr_line' id='line_1_49' title="bbox 179 4036 871 4105; baseline -0.012 -13"><span class='ocrx_word' id='word_1_352' title='bbox 179 4036 433 4105; x_wconf 74' lang='lat' dir='ltr'>populus</span> <span class='ocrx_word' id='word_1_353' title='bbox 471 4040 523 4101; x_wconf 82' lang='lat'>3,</span> <span class='ocrx_word' id='word_1_354' title='bbox 564 4038 614 4088; x_wconf 85' lang='grc'><strong>6.</strong></span> <span class='ocrx_word' id='word_1_355' title='bbox 864 4076 871 4084; x_wconf 92' lang='grc'><strong>.</strong></span> 
     </span>
    </p>

    <p class='ocr_par' dir='ltr' id='par_1_21' title="bbox 190 4101 1328 4246">
     <span class='ocr_line' id='line_1_50' title="bbox 262 4101 1328 4174; baseline -0.004 -13"><span class='ocrx_word' id='word_1_356' title='bbox 262 4112 350 4164; x_wconf 84' lang='grc'><strong>19.</strong></span> <span class='ocrx_word' id='word_1_357' title='bbox 379 4121 612 4174; x_wconf 80' lang='lat' dir='ltr'>conexa,</span> <span class='ocrx_word' id='word_1_358' title='bbox 639 4102 759 4157; x_wconf 87' lang='lat' dir='ltr'>info</span> <span class='ocrx_word' id='word_1_359' title='bbox 825 4120 856 4159; x_wconf 92' lang='lat' dir='ltr'>e</span> <span class='ocrx_word' id='word_1_360' title='bbox 885 4101 1041 4158; x_wconf 89' lang='lat' dir='ltr'>einer</span> <span class='ocrx_word' id='word_1_361' title='bbox 1066 4103 1328 4160; x_wconf 85' lang='lat' dir='ltr'>besseren</span> 
     </span>
     <span class='ocr_line' id='line_1_51' title="bbox 190 4174 1328 4246; baseline 0 -17"><span class='ocrx_word' id='word_1_362' title='bbox 190 4176 570 4246; x_wconf 77' lang='lat' dir='ltr'>Verwaltung</span> <span class='ocrx_word' id='word_1_363' title='bbox 625 4175 742 4229; x_wconf 88' lang='lat' dir='ltr'>und</span> <span class='ocrx_word' id='word_1_364' title='bbox 853 4174 1162 4245; x_wconf 83' lang='lat' dir='ltr'>erstellung</span> <span class='ocrx_word' id='word_1_365' title='bbox 1215 4191 1328 4230; x_wconf 84' lang='lat' dir='ltr'>von</span> 
     </span>
    </p>
   </div>
   <div class='ocr_carea' id='block_1_17' title="bbox 191 4245 842 4318">
    <p class='ocr_par' dir='ltr' id='par_1_22' title="bbox 191 4245 842 4318">
     <span class='ocr_line' id='line_1_52' title="bbox 191 4245 842 4318; baseline -0.003 -16"><span class='ocrx_word' id='word_1_366' title='bbox 191 4245 842 4318; x_wconf 65' lang='lat' dir='ltr'>Verbindungsmitteln.</span> 
     </span>
    </p>
   </div>
   <div class='ocr_carea' id='block_1_18' title="bbox 1425 2755 2593 4315">
    <p class='ocr_par' dir='ltr' id='par_1_23' title="bbox 1427 2755 2558 3180">
     <span class='ocr_line' id='line_1_53' title="bbox 1506 2755 2558 2826; baseline 0.003 -17"><span class='ocrx_word' id='word_1_367' title='bbox 1506 2760 1591 2810; x_wconf 91' lang='grc'><strong>20.</strong></span> <span class='ocrx_word' id='word_1_368' title='bbox 1621 2755 1700 2809; x_wconf 86' lang='lat' dir='ltr'>Er</span> <span class='ocrx_word' id='word_1_369' title='bbox 1727 2756 1886 2811; x_wconf 85' lang='lat' dir='ltr'>hatte</span> <span class='ocrx_word' id='word_1_370' title='bbox 1905 2760 1974 2810; x_wconf 89' lang='grc'>82</span> <span class='ocrx_word' id='word_1_371' title='bbox 1995 2755 2232 2826; x_wconf 84' lang='lat' dir='ltr'>Tempel</span> <span class='ocrx_word' id='word_1_372' title='bbox 2256 2756 2558 2826; x_wconf 89' lang='lat' dir='ltr'>renoviert,</span> 
     </span>
     <span class='ocr_line' id='line_1_54' title="bbox 1431 2825 2558 2896; baseline 0.001 -15"><span class='ocrx_word' id='word_1_373' title='bbox 1431 2826 1637 2881; x_wconf 85' lang='lat' dir='ltr'>andere</span> <span class='ocrx_word' id='word_1_374' title='bbox 1709 2826 1876 2881; x_wconf 88' lang='lat' dir='ltr'>nebst</span> <span class='ocrx_word' id='word_1_375' title='bbox 1942 2825 2250 2896; x_wconf 81' lang='lat' dir='ltr'>Theatern,</span> <span class='ocrx_word' id='word_1_376' title='bbox 2326 2826 2558 2883; x_wconf 71' lang='lat' dir='ltr'>Saulen-</span> 
     </span>
     <span class='ocr_line' id='line_1_55' title="bbox 1429 2895 2554 2968; baseline 0.002 -19"><span class='ocrx_word' id='word_1_377' title='bbox 1429 2895 1624 2951; x_wconf 89' lang='lat' dir='ltr'>hallen</span> <span class='ocrx_word' id='word_1_378' title='bbox 1637 2939 1652 2964; x_wconf 93' lang='lat'>,</span> <span class='ocrx_word' id='word_1_379' title='bbox 1715 2897 2236 2968; x_wconf 80' lang='lat' dir='ltr'>Wasserleitungen</span> <span class='ocrx_word' id='word_1_380' title='bbox 2297 2915 2410 2954; x_wconf 86' lang='lat' dir='ltr'>neu</span> <span class='ocrx_word' id='word_1_381' title='bbox 2474 2917 2554 2953; x_wconf 88' lang='lat' dir='ltr'>er-</span> 
     </span>
     <span class='ocr_line' id='line_1_56' title="bbox 1427 2967 2555 3039; baseline 0.002 -18"><span class='ocrx_word' id='word_1_382' title='bbox 1427 2967 1595 3035; x_wconf 85' lang='lat' dir='ltr'>baut,</span> <span class='ocrx_word' id='word_1_383' title='bbox 1644 2968 1706 3022; x_wconf 91' lang='lat' dir='ltr'>in</span> <span class='ocrx_word' id='word_1_384' title='bbox 1757 2968 1866 3023; x_wconf 88' lang='lat' dir='ltr'>den</span> <span class='ocrx_word' id='word_1_385' title='bbox 1916 2969 2187 3039; x_wconf 88' lang='lat' dir='ltr'>Tempeln</span> <span class='ocrx_word' id='word_1_386' title='bbox 2240 2970 2555 3025; x_wconf 86' lang='lat' dir='ltr'>zahlreiche</span> 
     </span>
     <span class='ocr_line' id='line_1_57' title="bbox 1428 3038 2558 3111; baseline 0.002 -19"><span class='ocrx_word' id='word_1_387' title='bbox 1428 3038 1917 3107; x_wconf 85' lang='lat' dir='ltr'>Weihgeschenke</span> <span class='ocrx_word' id='word_1_388' title='bbox 1937 3039 2279 3111; x_wconf 83' lang='lat' dir='ltr'>aufgestellt.</span> <span class='ocrx_word' id='word_1_389' title='bbox 2293 3058 2558 3109; x_wconf 76' lang='lat' dir='ltr'>—pauca</span> 
     </span>
     <span class='ocr_line' id='line_1_58' title="bbox 1427 3110 2557 3180; baseline 0.001 -16"><span class='ocrx_word' id='word_1_390' title='bbox 1427 3110 1721 3165; x_wconf 75' lang='lat' dir='ltr'>admodum</span> <span class='ocrx_word' id='word_1_391' title='bbox 1779 3111 1861 3176; x_wconf 80' lang='lat' dir='ltr'>vi,</span> <span class='ocrx_word' id='word_1_392' title='bbox 1928 3111 2078 3165; x_wconf 88' lang='lat' dir='ltr'>denn</span> <span class='ocrx_word' id='word_1_393' title='bbox 2128 3127 2189 3165; x_wconf 86' lang='lat' dir='ltr'>er</span> <span class='ocrx_word' id='word_1_394' title='bbox 2241 3129 2360 3167; x_wconf 83' lang='lat' dir='ltr'>war</span> <span class='ocrx_word' id='word_1_395' title='bbox 2414 3111 2557 3180; x_wconf 86' lang='lat' dir='ltr'>klug</span> 
     </span>
    </p>

    <p class='ocr_par' dir='ltr' id='par_1_24' title="bbox 1427 3179 2558 3392">
     <span class='ocr_line' id='line_1_59' title="bbox 1471 3179 2558 3251; baseline 0.002 -17"><span class='ocrx_word' id='word_1_396' title='bbox 1471 3197 1644 3248; x_wconf 84' lang='lat' dir='ltr'>enug,</span> <span class='ocrx_word' id='word_1_397' title='bbox 1691 3179 1991 3250; x_wconf 87' lang='lat' dir='ltr'>politische</span> <span class='ocrx_word' id='word_1_398' title='bbox 2028 3182 2405 3251; x_wconf 82' lang='lat' dir='ltr'>Neuerungen</span> <span class='ocrx_word' id='word_1_399' title='bbox 2447 3181 2558 3236; x_wconf 90' lang='lat' dir='ltr'>mit</span> 
     </span>
     <span class='ocr_line' id='line_1_60' title="bbox 1427 3198 2553 3324; baseline 0.001 -19"><span class='ocrx_word' id='word_1_400' title='bbox 1427 3198 1584 3306; x_wconf 54' lang='lat' dir='ltr'>{fise</span> <span class='ocrx_word' id='word_1_401' title='bbox 1612 3252 1711 3305; x_wconf 88' lang='lat' dir='ltr'>des</span> <span class='ocrx_word' id='word_1_402' title='bbox 1740 3250 1994 3320; x_wconf 88' lang='lat' dir='ltr'>Senates,</span> <span class='ocrx_word' id='word_1_403' title='bbox 2036 3254 2156 3308; x_wconf 90' lang='lat' dir='ltr'>also</span> <span class='ocrx_word' id='word_1_404' title='bbox 2185 3254 2288 3308; x_wconf 84' lang='lat' dir='ltr'>auf</span> <span class='ocrx_word' id='word_1_405' title='bbox 2308 3253 2553 3324; x_wconf 89' lang='lat' dir='ltr'>legalem</span> 
     </span>
     <span class='ocr_line' id='line_1_61' title="bbox 1428 3323 2266 3392; baseline 0.001 -15"><span class='ocrx_word' id='word_1_406' title='bbox 1428 3323 1609 3392; x_wconf 84' lang='lat' dir='ltr'>Wege</span> <span class='ocrx_word' id='word_1_407' title='bbox 1647 3323 2026 3379; x_wconf 80' lang='lat' dir='ltr'>einzufi’ihren.</span> <span class='ocrx_word' id='word_1_408' title='bbox 2263 3326 2266 3327; x_wconf 46' lang='lat'><em>⁷</em></span> 
     </span>
    </p>

    <p class='ocr_par' dir='ltr' id='par_1_25' title="bbox 1425 3392 2559 3677">
     <span class='ocr_line' id='line_1_62' title="bbox 1499 3392 2557 3465; baseline 0.002 -17"><span class='ocrx_word' id='word_1_409' title='bbox 1499 3392 1595 3450; x_wconf 83' lang='lat'>10.</span> <span class='ocrx_word' id='word_1_410' title='bbox 1662 3400 1712 3450; x_wconf 83' lang='lat'>2.</span> <span class='ocrx_word' id='word_1_411' title='bbox 1779 3399 2009 3453; x_wconf 75' lang='lat' dir='ltr'>ceterum</span> <span class='ocrx_word' id='word_1_412' title='bbox 2071 3393 2190 3450; x_wconf 85' lang='lat' dir='ltr'>fast</span> <span class='ocrx_word' id='word_1_413' title='bbox 2250 3394 2442 3465; x_wconf 83' lang='lat' dir='ltr'>gleich</span> <span class='ocrx_word' id='word_1_414' title='bbox 2497 3412 2557 3450; x_wconf 78' lang='lat' dir='ltr'>re</span> 
     </span>
     <span class='ocr_line' id='line_1_63' title="bbox 1425 3464 2559 3534; baseline 0.003 -16"><span class='ocrx_word' id='word_1_415' title='bbox 1425 3479 1591 3530; x_wconf 83' lang='lat' dir='ltr'>vera,</span> <span class='ocrx_word' id='word_1_416' title='bbox 1636 3464 1781 3519; x_wconf 86' lang='lat' dir='ltr'>auch</span> <span class='ocrx_word' id='word_1_417' title='bbox 1818 3483 1904 3534; x_wconf 90' lang='lat' dir='ltr'>cp.</span> <span class='ocrx_word' id='word_1_418' title='bbox 1946 3471 2015 3520; x_wconf 77' lang='lat'>14</span> <span class='ocrx_word' id='word_1_419' title='bbox 2051 3466 2169 3520; x_wconf 85' lang='lat' dir='ltr'>und</span> <span class='ocrx_word' id='word_1_420' title='bbox 2207 3465 2381 3533; x_wconf 69' lang='lat' dir='ltr'>efter,</span> <span class='ocrx_word' id='word_1_421' title='bbox 2420 3466 2559 3521; x_wconf 84' lang='lat' dir='ltr'>aber</span> 
     </span>
     <span class='ocr_line' id='line_1_64' title="bbox 1427 3535 2555 3607; baseline 0.003 -18"><span class='ocrx_word' id='word_1_422' title='bbox 1427 3553 1533 3589; x_wconf 83' lang='lat' dir='ltr'>nur</span> <span class='ocrx_word' id='word_1_423' title='bbox 1581 3536 1643 3590; x_wconf 91' lang='lat' dir='ltr'>in</span> <span class='ocrx_word' id='word_1_424' title='bbox 1697 3536 1808 3590; x_wconf 90' lang='lat' dir='ltr'>den</span> <span class='ocrx_word' id='word_1_425' title='bbox 1852 3538 2135 3607; x_wconf 84' lang='lat' dir='ltr'>Annalen,</span> <span class='ocrx_word' id='word_1_426' title='bbox 2186 3540 2372 3592; x_wconf 86' lang='lat' dir='ltr'>zuerst</span> <span class='ocrx_word' id='word_1_427' title='bbox 2419 3535 2555 3593; x_wconf 85' lang='lat' dir='ltr'>Sall.</span> 
     </span>
     <span class='ocr_line' id='line_1_65' title="bbox 1427 3607 2438 3677; baseline 0.001 -15"><span class='ocrx_word' id='word_1_428' title='bbox 1427 3607 1557 3677; x_wconf 83' lang='lat' dir='ltr'>Jug.</span> <span class='ocrx_word' id='word_1_429' title='bbox 1590 3612 1676 3675; x_wconf 77' lang='lat'>76,</span> <span class='ocrx_word' id='word_1_430' title='bbox 1707 3611 1755 3662; x_wconf 92' lang='lat'>1.</span> <span class='ocrx_word' id='word_1_431' title='bbox 2187 3652 2204 3658; x_wconf 87' lang='lat'>-</span> <span class='ocrx_word' id='word_1_432' title='bbox 2430 3635 2438 3641; x_wconf 88' lang='lat'><strong>·</strong></span> 
     </span>
    </p>

    <p class='ocr_par' dir='ltr' id='par_1_26' title="bbox 1431 3678 2593 4231">
     <span class='ocr_line' id='line_1_66' title="bbox 1505 3678 2557 3750; baseline 0.003 -19"><span class='ocrx_word' id='word_1_433' title='bbox 1505 3683 1556 3731; x_wconf 88' lang='grc'><strong>4.</strong></span> <span class='ocrx_word' id='word_1_434' title='bbox 1629 3683 1933 3750; x_wconf 66' lang='lat' dir='ltr'>corruptas.</span> <span class='ocrx_word' id='word_1_435' title='bbox 2032 3678 2181 3735; x_wconf 83' lang='lat' dir='ltr'>Kurz</span> <span class='ocrx_word' id='word_1_436' title='bbox 2252 3695 2355 3733; x_wconf 84' lang='lat' dir='ltr'>vor</span> <span class='ocrx_word' id='word_1_437' title='bbox 2426 3679 2557 3734; x_wconf 88' lang='lat' dir='ltr'>dem</span> 
     </span>
     <span class='ocr_line' id='line_1_67' title="bbox 1431 3747 2555 3820; baseline 0.004 -19"><span class='ocrx_word' id='word_1_438' title='bbox 1431 3747 1910 3804; x_wconf 88' lang='lat' dir='ltr'>Mutinensischen</span> <span class='ocrx_word' id='word_1_439' title='bbox 1946 3749 2178 3820; x_wconf 84' lang='lat' dir='ltr'>Kriege,</span> <span class='ocrx_word' id='word_1_440' title='bbox 2217 3755 2288 3804; x_wconf 83' lang='lat'>44</span> <span class='ocrx_word' id='word_1_441' title='bbox 2326 3768 2377 3803; x_wconf 85' lang='lat' dir='ltr'>v.</span> <span class='ocrx_word' id='word_1_442' title='bbox 2408 3748 2555 3820; x_wconf 66' lang='lat' dir='ltr'>chr„</span> 
     </span>
     <span class='ocr_line' id='line_1_68' title="bbox 1432 3819 2593 3888; baseline 0.003 -15"><span class='ocrx_word' id='word_1_443' title='bbox 1432 3835 1673 3888; x_wconf 82' lang='lat' dir='ltr'>gewann</span> <span class='ocrx_word' id='word_1_444' title='bbox 1719 3819 2002 3875; x_wconf 84' lang='lat' dir='ltr'>Oktavian</span> <span class='ocrx_word' id='word_1_445' title='bbox 2057 3821 2222 3877; x_wconf 89' lang='lat' dir='ltr'>einen</span> <span class='ocrx_word' id='word_1_446' title='bbox 2278 3821 2402 3875; x_wconf 87' lang='lat' dir='ltr'>Teil</span> <span class='ocrx_word' id='word_1_447' title='bbox 2457 3822 2593 3876; x_wconf 60' lang='lat' dir='ltr'>der»</span> 
     </span>
     <span class='ocr_line' id='line_1_69' title="bbox 1432 3890 2556 3962; baseline 0.004 -18"><span class='ocrx_word' id='word_1_448' title='bbox 1432 3890 1752 3950; x_wconf 87' lang='lat' dir='ltr'>Veteranen</span> <span class='ocrx_word' id='word_1_449' title='bbox 1794 3892 1913 3946; x_wconf 88' lang='lat' dir='ltr'>und</span> <span class='ocrx_word' id='word_1_450' title='bbox 1957 3891 2096 3948; x_wconf 84' lang='lat' dir='ltr'>zwei</span> <span class='ocrx_word' id='word_1_451' title='bbox 2130 3892 2419 3962; x_wconf 83' lang='lat' dir='ltr'>Legionen</span> <span class='ocrx_word' id='word_1_452' title='bbox 2455 3892 2556 3948; x_wconf 87' lang='lat' dir='ltr'>des</span> 
     </span>
     <span class='ocr_line' id='line_1_70' title="bbox 1433 3961 2554 4030; baseline 0.001 -14"><span class='ocrx_word' id='word_1_453' title='bbox 1433 3962 1741 4030; x_wconf 85' lang='lat' dir='ltr'>Antonius,</span> <span class='ocrx_word' id='word_1_454' title='bbox 1788 3962 1887 4017; x_wconf 88' lang='lat' dir='ltr'>der</span> <span class='ocrx_word' id='word_1_455' title='bbox 1923 3961 2136 4019; x_wconf 87' lang='lat' dir='ltr'>Konsul</span> <span class='ocrx_word' id='word_1_456' title='bbox 2172 3980 2304 4019; x_wconf 82' lang='lat' dir='ltr'>war.</span> <span class='ocrx_word' id='word_1_457' title='bbox 2344 3993 2410 4002; x_wconf 93' lang='lat'>-</span> <span class='ocrx_word' id='word_1_458' title='bbox 2448 3962 2554 4017; x_wconf 85' lang='lat' dir='ltr'>Die</span> 
     </span>
     <span class='ocr_line' id='line_1_71' title="bbox 1433 4030 2555 4103; baseline 0.002 -16"><span class='ocrx_word' id='word_1_459' title='bbox 1433 4030 1865 4103; x_wconf 82' lang='lat' dir='ltr'>Kreuzstellung</span> <span class='ocrx_word' id='word_1_460' title='bbox 1890 4033 1951 4088; x_wconf 88' lang='lat' dir='ltr'>in</span> <span class='ocrx_word' id='word_1_461' title='bbox 1980 4034 2090 4089; x_wconf 89' lang='lat' dir='ltr'>den</span> <span class='ocrx_word' id='word_1_462' title='bbox 2113 4033 2355 4088; x_wconf 86' lang='lat' dir='ltr'>Worten</span> <span class='ocrx_word' id='word_1_463' title='bbox 2388 4034 2555 4089; x_wconf 74' lang='lat' dir='ltr'>simu·</span> 
     </span>
     <span class='ocr_line' id='line_1_72' title="bbox 1435 4103 2553 4175; baseline 0 -15"><span class='ocrx_word' id='word_1_464' title='bbox 1435 4104 1609 4160; x_wconf 81' lang='lat' dir='ltr'>latam</span> <span class='ocrx_word' id='word_1_465' title='bbox 1637 4134 1705 4144; x_wconf 92' lang='lat'>—·</span> <span class='ocrx_word' id='word_1_466' title='bbox 1725 4105 1981 4174; x_wconf 71' lang='lat' dir='ltr'>partium</span> <span class='ocrx_word' id='word_1_467' title='bbox 2019 4105 2098 4159; x_wconf 82' lang='lat' dir='ltr'>ist</span> <span class='ocrx_word' id='word_1_468' title='bbox 2140 4103 2346 4159; x_wconf 73' lang='lat' dir='ltr'>hochst</span> <span class='ocrx_word' id='word_1_469' title='bbox 2381 4121 2553 4175; x_wconf 84' lang='lat' dir='ltr'>unge·</span> 
     </span>
     <span class='ocr_line' id='line_1_73' title="bbox 1433 4174 2133 4231; baseline -0.003 0"><span class='ocrx_word' id='word_1_470' title='bbox 1433 4176 1721 4231; x_wconf 70' lang='lat' dir='ltr'>wohnlich</span> <span class='ocrx_word' id='word_1_471' title='bbox 1756 4174 1852 4230; x_wconf 88' lang='lat' dir='ltr'>bei</span> <span class='ocrx_word' id='word_1_472' title='bbox 1888 4177 2133 4230; x_wconf 82' lang='lat' dir='ltr'>Tacitus.</span> 
     </span>
    </p>

    <p class='ocr_par' dir='ltr' id='par_1_27' title="bbox 1509 4245 2490 4315">
     <span class='ocr_line' id='line_1_74' title="bbox 1509 4245 2490 4315; baseline -0.002 -13"><span class='ocrx_word' id='word_1_473' title='bbox 1509 4252 1557 4302; x_wconf 79' lang='grc' dir='ltr'><strong>ὅ.</strong></span> <span class='ocrx_word' id='word_1_474' title='bbox 1596 4247 1689 4302; x_wconf 78' lang='lat' dir='ltr'>ius</span> <span class='ocrx_word' id='word_1_475' title='bbox 1716 4247 2011 4315; x_wconf 69' lang='lat' dir='ltr'>praetori-3,</span> <span class='ocrx_word' id='word_1_476' title='bbox 2048 4246 2132 4300; x_wconf 87' lang='lat' dir='ltr'>als</span> <span class='ocrx_word' id='word_1_477' title='bbox 2169 4245 2490 4313; x_wconf 64' lang='lat' dir='ltr'>Propi-ator.</span> 
     </span>
    </p>
   </div>
  </div>
 </body>
</html>
