2867 4625
1007 128 1227 184 LIBER
1262 128 1332 186 11.
1406 128 1561 186 CAP.
1589 136 1819 186 36—38.

2462 126 2588 195 117

235 293 520 358 inlectus
582 314 623 357 a
678 292 829 358 divo
885 291 1190 379 Augusto
1250 291 1647 358 liberalitate
1706 291 1960 357 deciens
2016 293 2301 357 sestertii
2357 292 2592 361 ducere

235 402 530 463 uxorem,
577 382 903 466 suscipere
947 381 1211 465 liberos,
1253 404 1338 447 ne
1385 382 1748 446 clarissima
1792 381 2041 445 familia
2088 380 2589 466 extingueretur.
2630 395 2663 444 6

236 471 445 554 igitur
494 474 803 555 quattuor
848 469 1000 534 filiis
1048 475 1198 535 ante
1244 470 1445 536 limen
1492 471 1706 536 curiae
1763 469 2203 553 adstantibus,
2259 471 2403 536 loco
2452 492 2591 537 sen·

235 561 517 641 tentiae,
580 580 727 624 cum
790 559 863 622 in
919 558 1175 624 Palatio
1242 564 1509 624 senatus
1571 559 1948 642 haberetur,
2010 558 2203 624 modo
2259 558 2593 626 Hortensii

235 648 414 713 inter
451 650 746 713 oratores
786 647 984 712 sitam
1021 648 1393 734 imaginem,
1431 648 1626 714 modo
1666 648 1950 733 Augusti
1985 647 2263 732 intuens,
2301 650 2384 713 ad
2420 649 2593 714 hunc

236 736 511 802 modum
564 737 805 821 coepit:
865 734 1117 821 ‘patres
1171 737 1551 822 conscripti,
1603 736 1757 819 hos,
1813 758 2087 821 quorum
2140 759 2480 803 numerum
2528 742 2594 803 et

233 824 590 909 pueritiam
626 824 880 909 videtis,
922 846 1054 890 non
1103 829 1334 910 sponte
1381 825 1638 908 sustuli,
1685 825 1794 890 sed
1845 825 1997 908 quia
2032 825 2335 910 princeps
2374 848 2593 892 mone-

234 915 389 997 bat3
437 914 632 978 simul
678 914 958 978 maiores
1005 917 1134 979 mei
1178 917 1548 979 meruerant
1581 917 1659 979 ut
1690 918 1990 998 posteros
2036 914 2367 979 haberent.
2440 937 2594 980 nam

243 1023 393 1088 ege,
440 1004 552 1087 qui
597 1024 731 1068 non
776 1003 1137 1087 pecuniam,
1181 1024 1316 1068 non
1363 1002 1577 1068 studia
1620 1002 1845 1088 populi
1891 1023 2098 1085 neque
2138 1003 2594 1087 eloquentiam,

241 1092 498 1178 gentile
558 1091 787 1157 domus
847 1096 1113 1157 nostrae
1172 1091 1445 1175 bonum,
1503 1094 1819 1157 varietate
1878 1094 2246 1175 temporum
2306 1091 2593 1176 accipere

246 1181 357 1246 vel
404 1202 637 1265 parare
680 1179 1067 1265 potuissem,
1115 1181 1276 1245 satis
1321 1180 1672 1262 habebam,
1728 1180 1783 1245 si
1828 1183 2054 1245 tenues
2099 1201 2202 1245 res
2247 1202 2430 1244 meae
2475 1201 2594 1244 nec

240 1269 414 1334 mihi
473 1269 706 1353 pudori
758 1290 877 1333 nec
923 1270 1224 1354 cuiquam
1271 1270 1452 1334 oneri
1495 1270 1729 1334 forent.
1818 1269 2032 1335 iussus
2080 1269 2163 1334 ab
2208 1269 2597 1353 imperatore
2637 1283 2703 1333 16

240 1379 520 1424 uxorem
567 1357 736 1422 duxi.
830 1379 907 1422 en
957 1358 1155 1442 stirps
1203 1363 1269 1423 et
1305 1357 1653 1445 progenies
1698 1360 1801 1422 tot
1847 1358 2204 1438 consulum,
2248 1363 2351 1423 tot
2396 1358 2594 1423 dicta·

242 1451 491 1513 torum.
579 1467 697 1510 nec
760 1447 840 1510 ad
899 1447 1211 1512 invidiam
1270 1447 1403 1511 ista
1463 1446 1574 1512 sed
1630 1445 2072 1511 conciliandae
2119 1445 2595 1512 misericordiae

240 1536 478 1601 refero,
552 1535 985 1620 adsequentur
1028 1535 1297 1601 florente
1342 1540 1428 1619 te,
1475 1533 1735 1616 Caesar,
1781 1556 1945 1619 quos
1993 1535 2241 1599 dederis
2288 1535 2594 1601 honores:

237 1624 509 1690 interim
574 1622 646 1700 Q.
706 1622 1046 1689 Hortensii
1110 1628 1531 1709 pronepotes,
1604 1623 1736 1688 divi
1801 1623 2086 1709 Augusti
2151 1623 2445 1689 alumnos
2510 1625 2593 1689 ab

235 1714 469 1797 inopia
515 1711 822 1777 defende?

236 1892 379 1955 tius
417 1892 879 1969 adversaretur,
914 1890 1018 1955 his
1055 1889 1259 1955 ferme
1296 1890 1512 1956 verbis
1549 1912 1733 1955 usus:
1772 1887 1854 1954 ‘si
1891 1892 2204 1974 quantum
2241 1912 2596 1974 pauperum

243 1984 348 2045 est
393 1980 614 2045 venire
658 1979 786 2044 huc
831 1988 898 2043 et
943 1979 1170 2044 liberis
1219 1979 1352 2043 suis
1413 1983 1635 2063 petere
1691 1978 1995 2063 pecunias
2052 1979 2404 2063 coeperint,
2467 1979 2595 2043 sin-

241 2068 392 2153 guli
441 2089 797 2153 numquam
854 2067 1373 2152 exsatiabautur,
1426 2089 1530 2133 res
1585 2066 1849 2151 publica
1909 2066 2180 2132 deficiet.
2270 2089 2387 2132 nec
2444 2089 2597 2132 sane

241 2157 394 2222 ideo
451 2179 491 2221 a
543 2157 898 2222 maioribus
956 2177 1330 2222 concessum
1387 2160 1488 2222 est
1544 2156 1764 2242 egredi
1820 2155 2168 2240 aliquando
2217 2157 2592 2221 relationem

241 2252 308 2313 et
377 2246 546 2331 quod
605 2245 672 2309 in
734 2267 1076 2312 commune
1137 2245 1455 2312 conducat
1513 2246 1654 2312 loco
1723 2246 2079 2309 sententiae
2143 2243 2457 2330 proferre,
2522 2248 2595 2308 ut

238 2337 505 2420 privata
558 2336 823 2420 negotia
877 2340 945 2399 et
1001 2357 1106 2400 res
1161 2336 1523 2402 familiares
1577 2337 1838 2399 nostras
1895 2335 2001 2399 hic
2046 2355 2401 2418 augeamus
2447 2355 2595 2399 cum

238 2424 489 2490 invidia
537 2430 800 2488 senatus
847 2427 915 2488 et
960 2425 1347 2508 principum,
1393 2424 1528 2489 sive
1575 2422 1964 2488 indulserint
2010 2423 2421 2524 largitionem
2460 2423 2595 2486 sive

243 2514 613 2579 abnuerint.
687 2534 820 2579 non
858 2513 1031 2578 enim
1070 2535 1293 2596 preces
1333 2517 1491 2577 sunt
1527 2511 1723 2595 istud,
1763 2512 1874 2576 sed
1914 2510 2318 2596 efflagitatio,
2362 2511 2595 2576 intem-

239 2604 501 2688 pestiva
549 2602 808 2685 quidem
859 2604 925 2666 et
972 2603 1336 2685 inprovisa,
1394 2624 1541 2667 cum
1600 2600 1746 2665 aliis
1802 2600 1879 2664 de
1935 2602 2127 2665 rebus
2182 2601 2597 2666 convenerint
2636 2616 2703 2665 10

311 2815 369 2867 4.
431 2813 664 2868 inlectus
725 2812 834 2866 mit
888 2811 1128 2867 blossem
1184 2812 1368 2868 Infini-

234 2884 484 3022 {ivm-{mr
534 2884 657 2937 hier
700 2882 817 2937 und
864 2889 923 2953 4,
969 2889 1052 2940 12.
1128 2882 1182 2936 S.
1223 2883 1367 2938 Einl.

318 3050 370 3099 ⁷.
435 3043 500 3097 in
555 3042 794 3099 Palatio.
859 3044 1144 3113 Augustus
1198 3047 1341 3113 griin

240 3116 377 3171 dete
413 3115 522 3169 den
554 3114 732 3184 Temp
735 3113 791 3168 el
818 3115 918 3168 des
945 3112 1368 3168 Palatinischen

238 3184 442 3256 Apoll,
507 3133 763 3240 daneben
827 3183 920 3239 die
982 3183 1365 3240 Palatinische

235 3204 591 3324 Bibliothek,
618 3273 705 3311 wo
735 3256 914 3311 sehon
940 3275 1010 3310 zu
1040 3254 1222 3310 seiner
1241 3254 1367 3311 Zeit

247 3329 340 3383 oft
372 3328 497 3453 ddie
541 3325 1038 3397 Senatssitzungen
1097 3327 1365 3398 gehalten

243 3415 372 3455 παι·
410 3416 482 3453 en

319 3491 372 3543 8.
420 3489 588 3542 sitam
615 3512 684 3532 ==
711 3486 983 3556 positam,
1021 3502 1064 3539 s.
1095 3502 1162 3538 zu
1198 3500 1283 3554 cp.
1317 3489 1364 3539 7.

320 3580 403 3631 11.
442 3579 755 3630 meruerant
779 3580 861 3641 at,
879 3570 985 3629 wie
1007 3574 1181 3628 sehon
1199 3572 1365 3627 Plau-

242 3651 341 3703 tus
374 3646 491 3701 und
532 3644 643 3700 Cic.
672 3646 742 3700 de
779 3661 859 3699 or.
903 3649 950 3710 1,
979 3650 1051 3699 64
1084 3646 1369 3713 respondit

241 3734 356 3773 sese
398 3718 660 3773 meruisse
702 3722 768 3772 at
811 3717 1166 3784 amplissimis
1200 3716 1365 3770 hono-

243 3790 403 3845 ribus
439 3793 490 3844 et
518 3789 789 3871 praemiis
823 3788 1188 3842 decoraretur.
1255 3788 1365 3841 Da-

244 3875 432 3930 gegen
482 3859 592 3914 mit
641 3859 770 3913 dem
815 3855 1067 3913 Infinitiv
1112 3874 1239 3912 ann.
1282 3863 1365 3925 16,

246 3937 313 3987 67
363 3931 551 3987 amari
591 3931 868 3996 meruisti,
914 3945 1030 3984 was
1074 3927 1368 3983 naehklas-

246 4002 396 4057 siseh
432 4003 528 4059 ist.

317 4097 400 4146 13.
463 4090 723 4160 accipere.
801 4087 933 4143 Scin
977 4086 1155 4143 Vater
1205 4087 1366 4143 hatte

244 4160 330 4217 als
365 4162 678 4231 Anhanger
714 4158 813 4215 des
850 4158 1056 4213 Brutus
1094 4159 1208 4213 und
1235 4157 1365 4213 Cas-

242 4236 354 4288 sius
411 4233 594 4288 durch
650 4231 742 4285 die
797 4228 1188 4299 Proskription
1247 4232 1367 4284 sein

241 4305 433 4361 Leben
463 4300 807 4373 eingebfil'st,
828 4300 1091 4357 wodurch
1109 4301 1366 4371 zugleich

1482 2812 1584 2866 das
1613 2812 1930 2881 Vermogen
1968 2810 2058 2864 fiir
2086 2809 2177 2864 die
2205 2808 2445 2864 Familie
2473 2826 2595 2864 ver·

1479 2883 1642 2937 loren
1677 2882 1831 2953 ging.

1551 2958 1635 3009 14.
1671 2955 1810 3008 satis
1843 2952 2132 3020 habebam,
2167 2953 2247 3021 si,
2281 2952 2387 3007 wie
2424 2958 2483 3018 4,
2526 2956 2594 3006 38

1345 3072 1365 3083 -
1478 3026 1718 3095 salisque
1743 3025 1953 3091 habere,
1987 3025 2040 3079 si
2075 3025 2254 3080 locam
2282 3024 2595 3092 principem

1476 3098 1747 3165 impleam.
1811 3093 1977 3150 Diese
2003 3093 2412 3149 Konstruktion
2441 3094 2595 3148 steht

1479 3169 1663 3222 zuerst
1699 3166 1791 3221 bei
1827 3166 2029 3232 Horaz,
2068 3166 2217 3219 dann
2253 3164 2346 3219 bei
2381 3164 2590 3232 LiviuS,

1478 3235 1667 3306 Nepos
1705 3237 1821 3291 und
1858 3235 2148 3307 Spateren.

1548 3314 1630 3363 17.
1675 3296 1830 3363 Uber
1873 3307 1983 3362 den
2019 3306 2283 3362 Wechsel
2329 3307 2427 3361 des
2465 3307 2591 3361 Dat.

1474 3378 1770 3449 gerundivi
1813 3379 1922 3432 mit
1966 3379 2067 3432 der
2111 3376 2473 3449 Praposition
2517 3379 2596 3432 ad

1475 3467 1518 3504 s.
1549 3469 1618 3505 zu
1654 3467 1684 3505 c
1727 3491 1740 3505 .
1769 3455 1820 3504 6.

1545 3520 1642 3576 38.
1680 3468 1729 3574 ἕ).
1767 3521 1950 3590 eyredi
1976 3521 2295 3576 relationem
2321 3511 2593 3575 bediutet

1475 3591 1567 3646 die
1622 3591 2007 3661 Abweichung
2064 3608 2175 3646 von
2229 3591 2328 3645 der
2381 3591 2591 3660 Tages-

1477 3664 1748 3732 ordnung.
1805 3661 2024 3717 Anders
2052 3664 2276 3717 excessit
2301 3661 2362 3715 in
2391 3678 2475 3732 cp.
2506 3667 2590 3720 83.

1547 3738 1598 3789 8.
1635 3734 1969 3789 indulserint
1989 3733 2103 3787 und
2121 3734 2444 3799 annuerint,
2472 3736 2591 3788 ent-

1474 3805 1661 3859 weder
1681 3802 1834 3874 Conj.
1856 3803 2110 3874 perfecti,
2133 3821 2241 3859 von
2261 3804 2389 3859 dem
2408 3803 2591 3859 Final·

1475 3876 1595 3929 satz
1627 3872 1946 3943 attrahiert,
1980 3874 2116 3930 oder
2147 3876 2271 3930 Fut.
2306 3874 2374 3929 ΙΙ.
2431 3876 2592 3930 Nach

1476 3945 1585 4001 den
1615 3947 1691 4015 Sp
1693 3963 1830 4000 uren
1867 3946 1967 4000 der
1992 3946 2306 4001 Handschr.
2334 3948 2410 4001 ist
2447 3947 2593 4000 auch

1474 4017 1576 4071 der
1610 4016 1888 4072 Indicativ
1924 4016 2073 4071 Perf.
2113 4017 2377 4087 moglich.
2441 4002 2591 4071 U'ber

1473 4089 1757 4159 indulqere
1806 4086 1914 4142 mit
1964 4088 2093 4142 dem
2142 4088 2442 4142 Accusativ
2490 4086 2592 4143 der

1476 4157 1655 4214 Sache
1691 4176 1732 4215 s.
1760 4177 1827 4213 zu
1867 4165 1914 4225 1,
1945 4162 2030 4214 62.

1546 4235 1596 4287 9.
1650 4245 1989 4299 nonpreces
2032 4234 2164 4283 sunt
2216 4229 2385 4296 istud,
2441 4247 2483 4285 s.
2521 4248 2589 4283 zu

1476 4306 1525 4371 1,
1563 4307 1632 4356 49
1668 4317 1783 4356 non
1817 4300 2141 4354 medicinam
2176 4299 2336 4354 illud.

2633 840 2700 889 10

423 1801 775 1867 Inclinatio
823 1806 1087 1866 senatus
1133 1800 1626 1867 incitamentum
1677 1799 1939 1866 Tiberio
1986 1800 2114 1865 fuit
2160 1822 2288 1885 quo
2333 1822 2595 1886 promp-
2616 1727 2700 1866 gg
