2867 4625
217 239 304 306 36

221 2373 306 2440 38

325 75 454 140 172

970 74 1313 131 CORNELII
1348 75 1597 131 TACITI
1633 74 2026 132 ANNALIUM

499 238 672 305 Exin
724 243 1098 325 promptum
1156 238 1328 324 quod
1387 238 1746 304 multorum
1800 238 2054 304 intimis
2102 239 2441 323 questibus
2489 243 2670 326 tege-

325 328 535 394 batur.
624 330 965 394 incedebat
1011 330 1181 395 enim
1228 327 1575 394 deterrimo
1625 330 1852 413 cuique
1897 328 2159 393 licentia
2204 327 2471 412 impune
2516 351 2668 415 pro-

326 418 446 482 bra
491 421 557 482 et
599 417 909 483 invidiam
954 417 1023 482 in
1068 417 1275 483 bonos
1321 417 1641 482 excitandi
1697 421 1957 502 arrepta
2009 417 2296 500 imagine
2342 415 2669 504 Caesar-iss,

322 506 670 593 libertique
717 507 912 572 etiam
959 528 1034 572 ac
1080 506 1250 571 servi
1292 509 1570 591 patrono
1607 506 1711 571 vel
1754 506 2033 589 domino,
2078 527 2225 570 cum
2262 527 2473 591 voces,
2520 528 2670 572 curn

255 609 288 659 5
325 617 555 660 manus
612 595 1037 678 intentarent,
1093 595 1264 659 ultro
1322 595 1795 660 metuebantur.
1883 594 2085 681 igitur
2139 591 2209 660 C.
2257 593 2513 660 Cestius
2571 618 2668 661 se-

324 688 518 749 nator
580 685 883 749 disseruit
956 684 1283 769 principes
1360 683 1618 768 quidem
1690 684 1901 748 instar
1974 682 2241 749 deorum
2315 705 2483 770 esse,
2558 685 2672 749 sed

324 794 533 858 neque
581 795 621 837 a
666 774 764 837 dis
809 773 937 838 nisi
982 773 1186 839 iustas
1233 772 1598 857 supplicum
1644 794 1867 856 preces
1915 772 2144 855 audiri,
2187 793 2397 857 neque
2445 795 2672 858 quem·

329 884 522 946 quam
596 862 666 926 in
733 858 1128 947 Capitolium
1195 862 1402 926 aliave
1467 861 1647 926 urbis
1709 861 1960 945 templa
2021 860 2391 947 perfugere,
2452 866 2532 926 ut
2594 884 2674 928 eo

328 950 614 1016 subsidio
664 950 745 1015 ad
801 951 1051 1053 flagitia
1094 954 1332 1015 utatur.
1425 949 1706 1015 abolitas
1752 950 1931 1036 leges
1980 955 2046 1014 et
2088 950 2382 1015 funditus
2430 972 2672 1035 versas,

223 1053 288 1101 10
325 1039 439 1104 ubi
485 1038 551 1103 in
596 1039 771 1123 foro,
827 1040 894 1104 in
942 1039 1164 1104 limine
1210 1039 1426 1104 curiae
1474 1039 1556 1104 ab
1605 1039 1822 1103 Annia
1865 1038 2135 1122 Rufilla,
2181 1060 2376 1123 quam
2418 1037 2675 1105 fraudis

329 1129 449 1192 sub
514 1127 725 1194 iudice
789 1129 1256 1213 damnavisset,
1326 1127 1569 1211 probra
1641 1127 1769 1193 sibi
1833 1131 1898 1192 et
1959 1128 2173 1192 minae
2235 1127 2675 1209 intendantur,

326 1238 537 1300 neque
574 1218 714 1301 ipse
761 1218 998 1281 audeat
1040 1217 1141 1281 ius
1187 1216 1465 1300 experiri
1512 1216 1596 1282 ob
1644 1216 1923 1302 effigiem
1960 1215 2372 1300 imperatoris
2412 1219 2674 1303 opposi-

326 1309 506 1477 {2⁰3ss
550 1305 1441 1480 ,ἷὶἶΐὲιέἐῗιῖᾞὲῗυῖῗίιῖῖ
1487 1304 1991 1460 3312‘33231532‘13
1994 1305 2674 1479 ¹22223²53zm⁸1313332

219 1498 307 1636 {³57
329 1483 603 1548 accitam
650 1485 1141 1569 convictamque
1188 1484 1450 1548 attineri
1494 1482 1757 1566 publica
1803 1483 2095 1549 custodia
2138 1482 2347 1549 iussit.

506 1569 598 1636 Et
644 1568 988 1637 Considius
1035 1570 1300 1658 Aequus
1357 1576 1424 1636 et
1470 1569 1730 1637 Caelius
1777 1569 2020 1638 Cursor
2076 1573 2325 1657 equites
2369 1572 2675 1659 Romani,

328 1659 500 1744 quod
558 1660 728 1725 fictis
784 1660 1145 1726 maiestatis
1201 1661 1583 1726 criminibus
1639 1659 1929 1745 Magium
1986 1658 2428 1726 Caecilianum
2485 1684 2674 1746 prae·

212 1814 215 1819 .
326 1752 535 1813 torem
579 1750 990 1834 petivissent,
1044 1754 1307 1815 auctore
1361 1750 1657 1834 principe
1702 1771 1778 1814 ac
1823 1750 2078 1815 decreto
2125 1753 2389 1814 senatus
2434 1750 2672 1835 puniti.

326 1840 669 1922 utrumque
723 1839 793 1903 in
844 1839 1100 1903 laudem
1144 1837 1345 1903 Drusi
1397 1838 1811 1921 trahebatur3
1867 1839 1951 1903 ab
2008 1859 2083 1903 eo
2138 1839 2210 1904 in
2254 1839 2443 1922 urbe,
2500 1839 2676 1905 inter

256 1943 289 1992 ὅ
328 1929 550 1992 coetus
606 1930 673 1991 et
726 1948 1052 1993 sermones
1097 1927 1435 1993 hominum
1482 1929 1895 2010 obversante,
1950 1931 2195 1992 secreta
2239 1928 2448 2012 patris
2496 1928 2674 1993 miti·

327 2015 487 2100 gari.
575 2037 783 2100 neque
828 2017 1017 2081 luxus
1061 2016 1131 2080 in
1175 2016 1405 2082 iuvene
1452 2017 1610 2082 adeo
1660 2016 2073 2100 displicebat:
2132 2015 2261 2082 huc
2304 2017 2529 2101 potius
2572 2017 2672 2081 in·

325 2102 636 2188 tenderet,
671 2104 843 2169 diem
872 2106 1448 2185 aedificationibuS,
1482 2107 1743 2171 noctem
1780 2105 2095 2171 conviviis
2132 2105 2437 2190 traheret,
2474 2128 2676 2192 quam

328 2193 508 2257 solus
565 2196 632 2259 et
683 2195 883 2259 nullis
928 2194 1374 2278 voluptatibus
1421 2197 1729 2260 avocatus
1776 2198 2093 2259 maestam
2138 2194 2550 2279 vigilantiam
2597 2199 2668 2259 et

330 2282 537 2348 malas
585 2303 773 2348 curas
821 2286 1158 2349 exerceret.

502 2370 656 2437 Non
693 2373 863 2437 enim
889 2372 1206 2457 Tiberius,
1240 2394 1375 2439 non
1412 2376 1818 2439 accusatores
1856 2372 2262 2438 fatiscebant.
2317 2377 2384 2437 et
2411 2371 2672 2439 Ancha-

328 2543 407 2600 im
449 2546 778 2616 Spatlatein.
853 2546 966 2602 Der
1012 2546 1149 2603 Sinn
1195 2545 1295 2602 ist:
1345 2549 1445 2603 der

330 2618 783 2673 schmeichelnde
835 2617 1042 2674 Beifall
1093 2620 1192 2673 des
1244 2618 1444 2674 Senats

327 2689 700 2743 unterstfitzte
738 2688 889 2744 seine
937 2688 1295 2745 erheuchelte
1331 2690 1445 2745 Ab·

327 2758 579 2831 lehnung
613 2758 789 2828 nicht,
829 2761 1069 2816 sondern
1103 2777 1301 2844 zwang
1326 2761 1442 2830 ihn,

330 2831 432 2885 das
488 2829 626 2885 Amt
680 2833 1080 2886 anzunehmen.
1172 2830 1277 2887 Die
1329 2832 1444 2887 An-

328 2902 565 2954 wendun
646 2902 746 2956 der
783 2901 996 2958 Litotes
1032 2902 1279 2958 verleiht
1314 2905 1443 2959 dem

327 2972 584 3026 Ausdruc
660 2974 832 3027 etwas
870 2972 1302 3030 Sarkastisches.

399 3042 494 3097 36.
560 3048 609 3097 2.
673 3045 956 3099 incedebat
1009 3043 1270 3112 „schlich
1325 3044 1446 3100 sich

329 3112 421 3168 ein
438 3154 452 3179 ,
504 3112 841 3169 verbreitete
887 3115 1042 3169 sieh“
1092 3113 1199 3169 wie
1250 3132 1335 3184 cp.
1374 3122 1442 3171 26

328 3186 556 3240 ambitio
591 3190 641 3239 et
675 3186 759 3240 vis
801 3186 1099 3242 incedebat.
1151 3192 1200 3253 2,
1239 3189 1306 3241 65
1347 3204 1444 3242 ru-

327 3271 447 3311 mor
482 3256 779 3311 incedebat.
845 3256 1008 3311 Dann
1043 3254 1122 3310 ist
1155 3258 1444 3314 deterrimo

330 3326 421 3382 ein
459 3325 693 3381 Datims
732 3328 1031 3382 commodi.

399 3404 450 3452 8.
506 3398 746 3480 imaqine
803 3396 1070 3454 Caesaris.
1143 3399 1257 3454 Der
1302 3398 1443 3454 Vor-

328 3468 513 3536 vvand,
543 3468 667 3522 dass
696 3469 789 3524 ein
809 3468 1446 3540 Majestatsverbrechen

327 3540 605 3609 vorliege,
651 3539 859 3595 musste
905 3541 996 3596 die
1041 3540 1299 3612 Anklage
1343 3542 1444 3597 be-

328 3610 651 3680 εοὶιὸιιίςειι.

399 3685 449 3736 5.
497 3684 859 3749 intentarent,
896 3682 987 3737 ein
1024 3683 1297 3753 Zeugma,
1335 3684 1444 3738 wie

328 3758 389 3819 2,
427 3757 496 3806 29
532 3769 730 3808 manus
768 3769 835 3808 ac
868 3755 1140 3823 supplices
1182 3770 1332 3810 voces
1368 3755 1445 3809 ad

332 3793 612 3878 Tiberium
639 3825 876 3880 tendens.
919 3829 1002 3892 12,
1031 3830 1117 3881 47.
1148 3856 1215 3867 -
1246 3824 1446 3881 Dieser

329 3893 540 3952 Cestius
585 3895 713 3950 tritt
755 3894 836 3949 im
872 3894 924 3950 J.
953 3867 1023 3950 3'2
1060 3895 1145 3950 als
1184 3897 1448 3967 Angeber

327 3965 431 4022 auf
459 3968 575 4021 und
610 3965 754 4022 vvird
790 3965 870 4020 im
905 3966 954 4023 J.
984 3972 1055 4021 35
1093 3967 1323 4023 Konsul.

401 4043 451 4093 9.
499 4054 684 4094 versas
730 4039 872 4093 statt
909 4054 1136 4093 eversas.
1210 4039 1337 4109 Vgl.
1376 4057 1444 4094 zu

327 4114 388 4178 2,
423 4115 511 4164 42.

401 4184 485 4235 11.
540 4181 642 4237 sub
686 4181 895 4247 iudice,
953 4179 1061 4236 wie
1107 4180 1237 4235 hist.
1276 4187 1333 4248 4,
1374 4187 1443 4237 64

325 4252 427 4307 sub
482 4253 714 4309 custode.
791 4251 1028 4307 Sueton:
1084 4252 1184 4307 sub
1233 4253 1442 4321 paeda-

1551 2548 1723 2618 9092‘8,
1749 2547 1850 2602 sab
1869 2551 2113 2617 paterna
2139 2547 2285 2603 avia.
2308 2576 2375 2587 —
2404 2547 2676 2603 damnare

1553 2619 1682 2686 „die
1759 2617 2109 2673 Verurteilun
2237 2617 2673 2673 herbeiffihren“

1553 2687 1638 2745 als
1691 2689 1995 2760 Anklager.
2071 2689 2116 2743 E
2159 2704 2292 2744 enso
2348 2689 2521 2743 sehon
2573 2688 2675 2744 bei

1551 2759 1809 2828 Plautus,
1867 2761 2110 2815 welcher
2155 2759 2319 2815 nebst
2364 2758 2557 2816 Cicero
2610 2760 2674 2815 in

1551 2803 1875 2957 gomsellb’en
1931 2831 2099 2887 Sinne
2162 2832 2520 2887 condemnare
2573 2846 2675 2902 ge-

1591 2920 1723 2958 rauc
1765 2906 1791 2958 t

1637 2978 1719 3029 12.
1776 2974 1902 3044 effiy
1902 2974 1980 3028 ies
2032 2971 2092 3027 in
2148 2971 2442 3029 derselben
2491 2974 2674 3029 meta-

1551 2989 1902 3129 phorischen
1958 3042 2293 3114 Bedeutung
2353 3044 2460 3099 wie
2523 3043 2675 3100 oben

1550 3134 1573 3170 ι
1700 3132 1747 3172 ο.

1574 3133 1719 3242 Ἢ.
1761 3192 1789 3240 1
1819 3186 1933 3242 und
1961 3192 2011 3241 2.
2062 3185 2166 3241 Die
2195 3186 2515 3257 genannten
2542 3184 2674 3243 Per-

1550 3273 1725 3313 sonen
1763 3258 1887 3313 sind
1926 3259 2086 3313 sonet
2117 3258 2461 3313 unbekannt.

1620 3335 1671 3384 4.
1718 3330 1931 3384 trahere
1964 3329 2030 3383 in
2065 3329 2281 3386 laudem
2317 3331 2353 3397 (,
2357 3327 2669 3398 ,auslegem

1553 3400 1886 3455 anrechnen‘
1891 3402 1927 3469 4)
1975 3398 2083 3455 wie
2131 3417 2216 3470 op.
2253 3405 2321 3454 22
2370 3400 2446 3454 ad
2494 3401 2672 3455 saevi·

1551 3472 1703 3526 tiam.
1758 3477 1811 3539 4,
1851 3476 1920 3526 64
1957 3471 2033 3526 ad
2067 3472 2301 3541 culpam.
2355 3471 2487 3525 hist.
2517 3476 2571 3538 2,
2598 3476 2674 3525 20

1550 3542 1616 3597 in
1650 3543 1976 3612 snperbiam.

1623 3619 1672 3668 ὅ.
1727 3620 1932 3669 secreta
1984 3612 2123 3683 „die
2176 3611 2473 3683 gebeimen
2530 3612 2675 3738 &und

1552 3684 2037 3754 argwbhnischen)
2101 3682 2468 3739 Gedanken‘fl
2592 3684 2672 3739 iv.

1551 3759 1814 3824 39,10,1
1853 3760 2129 3811 secretum.

1625 3826 2220 3894 F1.aeoli7⁶10wi0nib⁴⁸⁴3.
2290 3824 2425 3881 Date
2481 3843 2542 3881 er
2597 3842 2675 3881 an

1551 3896 1956 3953 Privatbauten
1965 3895 2193 3967 Vergnfi
2235 3913 2305 3951 en
2322 3897 2475 3965 fand,
2495 3897 2674 3952 seben

1552 3969 1655 4023 wir
1689 3985 1796 4022 nur
1834 3984 1935 4023 aus
1973 3969 2156 4023 dieser
2220 3966 2477 4023 telle.—
2404 3986 2675 4038 —quam

1551 4038 1632 4093 im
1659 4038 1831 4095 Sinne
1857 4055 1967 4094 von
2002 4055 2167 4109 quam
2199 4044 2264 4094 nt
2298 4040 2454 4095 steht
2489 4040 2670 4095 echon

1550 4110 1675 4236 Rei
1708 4108 1922 4165 Sallust
1983 4109 2100 4166 und
2162 4110 2310 4166 noch
2372 4108 2520 4166 oster
2572 4109 2675 4165 bei

1599 4181 1761 4237 ivius.

1621 4251 1806 4308 38.1.
1843 4254 2095 4321 fatiscere
2131 4253 2305 4309 sehon
2337 4252 2434 4307 bei
2469 4252 2680 4323 Varro,
