2867 4625
305 90 437 156 262

949 90 1297 146 CORNELII
1335 90 1587 147 TACITI
1622 90 2020 147 ANNALIUM

303 252 666 319 statuendis
724 252 1046 318 remediis.
1137 252 1231 317 sic
1275 250 1532 339 Regulo
1590 254 1767 319 salus
1814 258 1880 319 et
1924 253 2151 321 Trioni
2197 255 2426 321 dilatio
2474 257 2664 321 exitii

303 343 617 426 quaesita.

706 339 1012 406 Haterius
1074 341 1351 406 invisior
1407 341 1564 427 fuit,
1624 344 1778 427 quia
1832 364 2066 409 somno
2124 348 2238 409 aut
2290 344 2663 411 libidinosis

199 446 265 495 15
304 430 548 515 vigiliis
587 429 912 495 marcidus
951 433 1016 494 et
1053 431 1137 496 ob
1186 430 1538 532 segnitiam
1573 432 1883 533 ‘quamvis
1930 432 2255 497 crudelem
2299 434 2666 518 principem

301 540 437 584 non
464 523 763 584 metuens
791 518 1179 583 inlustribus
1207 519 1365 584 viris
1402 519 1757 604 perniciem
1793 521 1966 586 inter
2003 541 2284 606 ganeam
2319 543 2396 588 ac
2433 526 2668 607 stupra

303 608 757 673 meditabatur.

480 695 651 760 Exin
714 694 906 761 Cotta
963 694 1379 780 Messalinus,
1447 697 1865 763 saevissimae
1925 698 2234 782 cuiusque
2293 699 2668 764 sententiae

304 788 531 850 auctor
595 806 798 870 eoque
862 785 1227 850 inveterata
1288 784 1560 869 invidia,
1625 785 1738 851 ubi
1800 786 2086 888 primum
2147 786 2425 852 facultas
2488 788 2670 873 data,

303 874 603 958 arguitur
639 874 976 959 pleraque.
1014 871 1247 938 Gaiam
1280 870 1350 938 O.
1379 871 1729 938 Caesarem
1765 874 1953 958 quasi
1990 875 2279 940 incertae
2306 876 2671 960 virilitatis,

302 966 370 1026 et
414 984 561 1027 cum
609 961 710 1026 die
745 961 951 1026 natali
995 960 1329 1047 Augustae
1365 961 1540 1026 inter
1576 963 1945 1029 sacerdotes
1985 964 2375 1047 epularetur,
2418 986 2670 1029 noven-

232 1063 265 1114 5
305 1049 542 1115 dialem
589 1072 732 1115 eam
778 1071 1003 1115 cenam
1052 1049 1324 1136 dixisse3
1372 1071 1776 1136 querensque
1822 1052 1901 1116 de
1947 1053 2245 1136 potentia
2289 1051 2373 1116 Μ’
2377 1101 2392 1116 .
2427 1051 2671 1138 Lepidi

304 1161 382 1205 ac
426 1138 498 1203 L.
537 1138 864 1222 Arruntii,
921 1158 1069 1203 cum
1126 1139 1364 1222 quibus
1422 1139 1507 1204 ob
1561 1161 1701 1204 rem
1744 1140 2189 1224 pecuniariam
2234 1141 2672 1226 disceptabat,

304 1227 655 1293 addidisse.
701 1226 874 1292 ‘illos
911 1226 1170 1311 quidem
1216 1230 1499 1310 senatus,
1544 1250 1649 1293 me
1697 1232 1915 1292 autem
1959 1230 2252 1294 tuebitur
2289 1229 2670 1295 Tiberiolus

302 1315 526 1381 meus?
602 1337 765 1401 quae
804 1319 1039 1381 cuncta
1077 1338 1116 1380 a
1150 1316 1550 1400 primoribus
1596 1316 1880 1382 civitatis
1926 1318 2404 1401 revincebatur,
2448 1318 2670 1404 iisque

302 1404 699 1470 instantibus
736 1404 817 1469 ad
852 1403 1310 1489 imperatorem
1349 1405 1744 1489 provocavit.
1815 1427 1936 1470 nec
1971 1408 2178 1471 multo
2214 1411 2366 1491 post
2401 1406 2671 1472 litterae

198 1507 266 1557 ιο
304 1493 711 1577 adferuntur,
777 1493 1011 1577 quibus
1075 1493 1143 1557 in
1210 1493 1474 1558 modum
1538 1492 1963 1578 defensionis,
2026 1496 2310 1578 repetito
2365 1495 2536 1559 inter
2598 1517 2671 1561 se

303 1585 498 1666 atque
555 1579 818 1647 Cottam
865 1581 1190 1646 amicitiae
1235 1581 1557 1665 principio
1605 1582 1976 1667 crebrisque
2023 1582 2161 1647 eius
2208 1583 2441 1649 officiis
2484 1604 2673 1649 com-

305 1671 701 1754 memoratis,
745 1691 827 1734 ne
867 1670 1062 1736 verba
1097 1691 1297 1754 prave
1334 1669 1593 1735 detorta
1634 1691 1762 1736 neu
1808 1670 2242 1736 convivalium
2286 1671 2671 1738 fabularum

304 1758 696 1843 simplicitas
743 1758 814 1823 in
862 1758 1104 1824 crimen
1149 1758 1493 1824 duceretur
1535 1759 1912 1842 postulavit.

482 1847 749 1932 Insigne
821 1846 1031 1911 visum
1105 1853 1206 1912 est
1279 1869 1503 1912 earum
1568 1845 1869 1912 Caesaris
1932 1847 2305 1913 litterarum
2371 1849 2674 1934 initium3

303 1956 458 2000 nam
504 1935 610 2001 his
655 1935 874 2001 verbis
921 1956 1186 2001 exorsus
1235 1939 1359 2000 est.
1417 1933 1597 2020 quid
1653 1936 1935 2001 scribam
1981 1936 2199 2023 vobis,
2241 1940 2461 2020 patres
2508 1957 2671 2002 con-

305 2025 561 2109 scripti,
620 2027 734 2089 aut
779 2045 908 2109 quo
954 2024 1147 2089 modo
1194 2024 1475 2089 scribam
1523 2028 1638 2089 aut
1684 2024 1838 2107 quid
1887 2025 2151 2090 omnino
2196 2047 2331 2090 non
2377 2025 2674 2091 scribam

301 2113 427 2178 hoc
482 2118 803 2198 tempore,
859 2111 925 2176 di
980 2132 1083 2176 me
1137 2111 1422 2197 deaeque
1475 2113 1662 2195 peius
1719 2112 1998 2184 perdant
2050 2135 2245 2196 quam
2299 2114 2508 2198 perire
2562 2136 2674 2180 me

230 2215 263 2264 5
302 2202 537 2267 cotidie
596 2201 834 2284 senti0,
888 2200 946 2264 si
1003 2199 1176 2264 scio?

1269 2200 1429 2264 adeo
1485 2201 1778 2265 facinora
1831 2204 2026 2285 atque
2070 2201 2322 2286 flagitia
2369 2223 2485 2267 sua
2531 2202 2676 2288 ipsi

302 2312 555 2376 quoque
590 2291 662 2356 in
701 2289 1090 2375 supplicium
1127 2291 1474 2355 verterant.
1529 2310 1739 2374 neque
1775 2288 2020 2356 frustra
2053 2290 2672 2374 praestantissimus

302 2380 663 2463 sapientiae
700 2379 958 2443 firmare
988 2377 1220 2444 solitus
1249 2381 1367 2461 est,
1405 2378 1465 2442 si
1489 2378 1909 2444 recludantur
1935 2383 2359 2463 tyrannorum
2388 2383 2678 2465 mentes,

302 2551 741 2623 Gerundivums,
778 2551 885 2606 wie
922 2557 975 2619 4,
1013 2557 1108 2620 233
1151 2551 1258 2606 mit
1295 2553 1424 2607 dem

302 2624 401 2679 des
439 2623 815 2679 Gerundiums
853 2630 904 2690 3,
937 2628 1022 2678 ⁷2.

376 2718 459 2769 13.
515 2713 729 2768 dilatio.
786 2712 917 2766 Erst
959 2710 1039 2765 im
1075 2711 1131 2765 J.
1170 2716 1239 2765 35
1276 2712 1427 2767 totet

304 2781 427 2838 sich
462 2783 612 2838 Trio.
672 2782 725 2837 S.
756 2799 824 2836 zu
860 2787 913 2851 5,
944 2788 1029 2836 11.

377 2875 460 2926 15.
490 2871 792 2938 marcidus,
819 2869 914 2925 bei
933 2869 1162 2926 Tacitus
1180 2867 1281 2926 322.
1303 2868 1424 2940 sic„

300 2940 379 2995 ist
415 2941 758 2997 dichterisch
794 2941 912 2994 und
945 2941 1389 2997 nachklassisch.

373 3029 522 3084 5.1.
563 3028 725 3084 Cotta
754 3030 1097 3084 Messalinus
1122 3029 1283 3083 hatte
1321 3029 1425 3084 sei·

303 3116 414 3154 nen
450 3100 618 3169 Hang
655 3118 723 3155 zu
759 3097 1094 3182 gehassigen
1129 3098 1426 3169 Anklagen

302 3175 470 3225 unter
516 3170 728 3225 andern
772 3170 852 3223 im
887 3167 1112 3224 Prozefs
1149 3169 1248 3223 des
1284 3169 1426 3226 Libo

305 3243 398 3311 (16
426 3258 481 3296 ιι.
512 3239 660 3310 Chr.)
697 3241 812 3295 und
854 3239 916 3294 in
951 3240 1052 3295 der
1078 3238 1429 3310 Verfolgung

303 3312 404 3367 der
570 3311 761 3394 ppina
810 3311 928 3388 und
976 3310 1076 3365 des
1122 3309 1274 3366 Nero
1327 3311 1428 3380 (im

302 3383 354 3440 J.
386 3388 476 3453 29)
513 3382 818 3452 bethatigt.

303 3529 501 3589 πολλά.
466 3464 1109 3602 Μῆωξῗιιζῖῗέἶαῗξῑεῖ
1116 3457 1429 3601 mgr

305 3606 421 3660 und
475 3604 556 3659 im
656 3605 935 3675 olgenden
990 3610 1192 3660 cuncta
1243 3606 1428 3660 revin-

305 3677 589 3744 cebatur,
594 3690 673 3744 ,er
715 3676 867 3730 ward
919 3676 980 3730 in
1035 3676 1205 3729 allem
1260 3676 1428 3730 fiber-

304 3745 516 3803 fuhrt“.
555 3777 623 3789 —
671 3744 875 3801 Gaiam
913 3747 972 3803 0.
1011 3745 1301 3803 Gaesarem
1336 3751 1426 3803 ctt.

304 3817 384 3872 Er
433 3817 599 3873 sollte
652 3818 773 3871 also
825 3817 935 3872 den
987 3817 1248 3887 Caligula
1304 3817 1427 3873 eine

306 3889 611 3944 weibische
630 3889 682 3943 N
686 3892 814 3944 atur
834 3889 991 3956 (oder
1009 3888 1173 3943 einen
1193 3890 1431 3944 Kastra-

305 3961 461 4028 ten‘1’)
500 3962 751 4031 genannt
785 3959 987 4014 haben.
1045 3958 1252 4014 Diesen
1288 3960 1429 4014 Vor-

306 4031 455 4086 wurf
485 4032 589 4087 hat
617 4030 877 4100 Caligula
911 4031 996 4085 als
1027 4030 1225 4084 Kaiser
1252 4029 1430 4085 durch

306 4101 401 4224 {ire
436 4102 828 4158 unerhorteste
856 4098 1280 4156 Lfiderlichkeit
1309 4102 1428 4156 ent-

381 4256 432 4304 4.
470 4254 559 4307 die
593 4254 793 4320 natali,
832 4251 944 4307 den
980 4255 1068 4306 30.
1096 4250 1219 4305 Jan.

1605 2556 1655 2607 5
1703 2537 1854 2692 Uber
1889 2552 2139 2623 Lepidus
2183 2553 2301 2608 und
2336 2553 2669 2611 Arruntius

1536 2640 1579 2679 s.
1606 2640 1676 2677 zu
1715 2629 1744 2677 1
1828 2629 1879 2678 3.

1606 2700 1656 2749 9.
1676 2695 1906 2762 litterae,
1920 2693 2264 2766 einReskrip
2265 2695 2399 2750 tdes
2411 2694 2673 2751 Kaisers.

1610 2770 1695 2819 13.
1717 2766 2101 2849 simplicitas,
2103 2714 2575 2848 ,Arinosigkeit‘e
2600 2799 2675 2809 —

1533 2836 1599 2891 in
1644 2837 1851 2892 crimen
1895 2838 2090 2893 ducere
2135 2836 2215 2892 ist
2249 2838 2372 2892 eine
2408 2853 2522 2892 neu
2564 2854 2675 2908 ge-

1535 2907 1749 2962 bildete
1801 2906 2030 2963 Phrase.
2121 2906 2292 2964 Sonst
2344 2908 2680 2979 gebraucht

1536 2976 1767 3032 Tacitus
1804 2978 1865 3032 ιιι
1903 2976 2115 3034 diesem
2152 2978 2323 3035 Sinne
2357 2979 2595 3036 trahere.

1607 3048 1668 3104 6.
1705 3053 1757 3103 4.
1794 3066 1961 3119 quam
1987 3051 2176 3119 perire
2211 3067 2293 3105 me
2318 3051 2520 3106 cotidie
2546 3067 2680 3107 sen-

1536 3120 1630 3176 tio.
1707 3118 1950 3189 Sueton,
1999 3122 2099 3175 der
2140 3120 2427 3194 dieselben
2462 3121 2679 3178 Worte

1538 3189 1909 3259 citiert,f1‘igt
1935 3162 2157 3246 Ἰιιιιιιμ
2184 3192 2503 3247 existimant
2456 3195 2679 3331 Μανί-

1536 3261 1667 3315 dam
1695 3263 1999 3330 praescisse
2023 3263 2155 3317 haec
2180 3279 2302 3317 eum

1536 3337 1800 3387 tuo-orum.
1856 3331 2147 3387 Vielmehr
2180 3333 2285 3388 hat
2361 3265 2651 3389 ὶιιιιιιιεῇι
2604 3352 2672 3390 es

1535 3402 1688 3457 wohl
1748 3402 1811 3456 ιιι
1865 3402 2049 3459 einem
2103 3406 2191 3458 Au
2193 3403 2492 3472 genblicke
2563 3405 2673 3461 des

1535 3472 1776 3527 Unmuts
1824 3475 1940 3528 und
1986 3474 2087 3530 der
2121 3420 2518 3544 Erschlaffung
2567 3492 2674 3559 ge-

1538 3543 1856 3613 schrieben‚
1920 3560 2009 3600 wo
2067 3561 2128 3599 er
2182 3546 2672 3602 ausnahmsweise

1537 3614 1845 3684 anfi-ichtig
1879 3632 2013 3671 war.

1609 3691 1660 3740 6.
1674 3687 2189 3768 praestantissimus
2205 3688 2558 3769 sapientiae„
2562 3688 2675 3743 der

1535 3754 1747 3826 grosste
1774 3755 2142 3827 Philosoph‘ss
2172 3757 2263 3812 ein
2293 3729 2676 3815 sonderb'arer

1537 3826 1860 3896 Ausdruck,
1916 3828 1978 3883 in
2031 3798 2304 3884 weichem
2353 3830 2675 3898 sapientiae

1536 3898 1692 3952 wohl
1728 3897 1967 3956 Genetiv
2014 3898 2115 3954 der
2158 3897 2480 3970 Beziehung
2441 3902 2670 4029 gh&

1526 3969 1874 4040 praecipuus
1918 3987 2005 4039 cp.
2053 3972 2111 4040 4)
2160 3969 2253 4025 ist.
2325 3970 2468 4025 Plin
2507 3990 2563 4027 ιι.

1537 4045 1693 4236 ‘113⁷
1641 4045 1690 4106 §.
1721 4045 1788 4095 31
1827 4042 2238 4112 diliyentissimi
2269 4047 2508 4098 naturae
2544 4046 2672 4099 tra-

1733 4181 1957 4249 firmare
2000 4208 2070 4229 εε-
2115 4183 2425 4252 affirmare,
2488 4200 2533 4239 s.
2588 4202 2674 4241 m

1536 4257 1587 4320 3,
1618 4257 1704 4306 14.
1744 4283 1812 4295 —
1851 4254 2124 4310 recludere
2160 4225 2564 4325 „blosslegen“.
2588 4285 2669 4297 —
