2867 4625
358 107 488 171 228
1004 73 1353 161 coenam
1392 106 1641 163 ΤΑοιΤι
1675 106 2068 164 ANNALIUM

352 270 531 336 fama
576 275 644 336 et
689 271 963 337 civicam
1010 290 1316 335 coronam
1360 269 1533 354 apud
1569 270 1984 336 Britanniam
2021 272 2310 355 meritus,
2352 264 2591 358 ingenti
2619 274 2669 338 vi
2764 299 2765 308 ¹

282 379 314 428 5
354 361 643 445 corporis
691 379 1148 442 armorumque
1196 358 1467 424 scientia
1511 362 1759 425 metum
1805 359 2055 426 Neroni
2098 360 2357 445 fecerat,
2399 383 2480 427 ne
2520 362 2671 427 inva-

353 450 532 514 deret
578 449 888 551 pavidum
933 468 1189 531 semper
1234 450 1302 512 et
1337 452 1597 533 reperta
1632 469 1839 533 nuper
1875 450 2320 517 coniuratione
2350 452 2556 554 magis
2590 473 2672 516 ex·

350 537 669 604 territum.
761 537 963 624 igitur
1007 537 1329 619 centuriO,
1379 537 1494 602 ubi
1541 537 1782 623 effugia
1826 538 2021 603 villae
2068 540 2327 624 clausit,
2369 542 2543 605 iussa
2579 540 2674 604 im·

352 617 671 711 peratoris
701 626 964 693 Ostorio
995 626 1224 710 aperit.
1290 624 1349 690 is
1385 626 1838 692 fortitudinem
1879 648 2071 712 saepe
2110 628 2449 693 adversum
2483 628 2672 694 hostes

353 719 715 801 spectatam
766 717 838 781 in
892 737 961 781 se
1017 715 1240 780 vertit.
1297 718 1363 779 et
1420 715 1575 800 quia
1625 737 1826 781 venae
1873 737 2266 802 quamquam
2312 718 2674 800 interruptae

249 823 313 873 10
351 827 583 890 parum
644 804 983 891 sanguinis
1040 803 1487 888 effundebant,
1549 804 1864 871 hactenus
1921 827 2119 871 manu
2173 807 2341 872 servi
2393 829 2568 890 usus,
2619 811 2676 871 ut
2764 803 2765 806 ’

350 895 669 960 inmotum
697 894 1051 980 pugionem
1086 894 1448 978 extolleret,
1488 893 1817 978 adpressit
1853 894 2145 960 dextram
2183 896 2323 961 eius
2360 896 2675 981 iuguloque

353 984 652 1049 occurrit.

248 1075 330 1141 16
526 1072 752 1138 Etiam
800 1073 855 1137 si
910 1071 1086 1137 bella
1143 1076 1413 1137 externa
1469 1074 1534 1137 et
1587 1071 1802 1137 obitas
1858 1093 1975 1156 pro
2030 1094 2101 1137 re
2156 1073 2417 1157 publica
2471 1077 2674 1137 mortes

348 1164 535 1227 tanta
596 1183 862 1227 casuum
929 1160 1352 1226 similitudine
1417 1182 1876 1246 memorarem,
1939 1182 2171 1246 meque
2235 1163 2453 1260 ipsum
2512 1162 2673 1227 satias

350 1252 628 1335 cepisset
692 1251 1091 1335 aliorumque
1154 1249 1442 1315 taedium
1507 1253 1975 1334 exspectarem,
2012 1250 2339 1334 quamvis
2400 1252 2673 1317 honestos

349 1340 584 1405 civium
649 1340 889 1423 exitus,
952 1339 1175 1404 tristes
1240 1342 1464 1404 tamen
1529 1342 1595 1404 et
1655 1339 1997 1405 continuos
2055 1341 2572 1423 aspernantium:
2623 1343 2675 1404 at

209 1419 250 1468 ‘-
278 1446 312 1496 5
348 1450 521 1494 nunc
566 1429 888 1515 patientia
932 1427 1184 1494 servilis
1230 1430 1619 1513 tantumque
1663 1428 1998 1514 sanguinis
2040 1428 2218 1495 domi
2253 1429 2575 1513 perditum
2603 1428 2675 1492 fa·
2764 1433 2765 1454 ³

347 1517 565 1602 tigant
621 1518 909 1583 animum
966 1520 1033 1582 et
1085 1517 1412 1581 maestitia
1466 1517 1886 1602 restringunt.
1975 1539 2186 1602 neque
2248 1518 2452 1583 aliam
2498 1518 2674 1584 defen·

351 1606 599 1671 sionem
637 1607 718 1671 ab
757 1607 838 1671 iis
878 1605 1111 1691 quibus
1148 1604 1281 1670 ista
1321 1609 1673 1672 noscentur
1711 1606 2055 1691 exegerim,
2103 1628 2301 1691 quam
2339 1629 2425 1672 ne
2462 1607 2676 1673 oderint

347 1697 485 1759 tam
550 1696 837 1780 segniter
900 1699 1261 1779 pereuntes.
1363 1695 1462 1760 ira
1523 1695 1639 1759 illa
1693 1696 2034 1760 numinum
2088 1697 2160 1760 in
2213 1718 2316 1761 res
2377 1696 2675 1762 Romanas

346 1782 500 1869 fuit,
547 1805 743 1868 quam
789 1805 949 1867 non,
999 1787 1075 1848 ut
1120 1784 1190 1848 in
1236 1783 1530 1849 cladibus
1578 1783 1976 1849 exercituum
2021 1788 2135 1850 aut
2180 1786 2559 1870 captivitate
2597 1806 2673 1849 ur·
2764 1793 2765 1798 ’

244 1890 313 1941 10
350 1871 549 1955 bium,
596 1873 799 1937 semel
846 1872 1017 1938 edito
1065 1872 1344 1938 transire
1382 1872 1552 1938 licet.
1624 1873 1812 1937 detur
1846 1872 1971 1938 hoc
2009 1873 2390 1939 inlustrium
2429 1875 2676 1940 virorum

348 1962 739 2045 posteritati,
784 1964 860 2026 ut
905 1983 1033 2046 quo
1080 1960 1271 2026 modo
1319 1962 1642 2047 exsequiis
1690 1983 1729 2027 a
1774 1962 2099 2046 promisca
2145 1964 2488 2047 sepultura
2531 1985 2672 2047 sepa·

347 2054 593 2135 rantur,
638 2051 734 2115 ita
777 2051 841 2115 in
885 2050 1233 2115 traditione
1272 2072 1722 2134 supremorum
1760 2051 2084 2135 accipiant
2116 2050 2531 2138 habeantque
2563 2072 2671 2136 pro·

347 2140 554 2223 priam
603 2139 1006 2205 memoriam.

246 2230 325 2295 17
525 2228 775 2294 Paucos
841 2229 1078 2314 quippe
1139 2228 1311 2293 intra
1365 2227 1503 2293 dies
1558 2228 1783 2293 eodem
1840 2229 2103 2314 agmine
2158 2230 2473 2296 Annaeus
2525 2230 2673 2312 Mela,

348 2315 620 2383 Cerialis
659 2312 947 2401 Anicius,
993 2316 1260 2383 Rufrius
1300 2315 1657 2403 Crispinus,
1695 2317 1770 2382 T.
1807 2317 2151 2384 Petronius
2192 2321 2502 2406 cecidere,
2535 2318 2672 2386 Mela

348 2409 414 2471 et
442 2405 780 2491 Crispinus
818 2407 1066 2492 equites
1094 2406 1375 2472 Romani
1412 2406 1733 2494 dignitate
1770 2407 2118 2472 senatoria.
2179 2429 2335 2473 nam
2375 2410 2485 2475 hic
2512 2429 2765 2493 quon-1

349 2495 497 2560 dam
545 2496 910 2580 praefectus
957 2496 1271 2580 praetorii
1309 2499 1375 2560 et
1410 2496 1870 2562 consularibus
1909 2496 2274 2581 insignibus
2315 2497 2586 2564 donatus
2616 2516 2670 2560 ae

420 2659 469 2709 4.
514 2655 745 2709 civicam
781 2669 1057 2721 eoronam,
1095 2655 1239 2709 nach
1279 2660 1363 2721 12,
1403 2659 1470 2708 31
1579 2659 1780 2722 stram,
1827 2669 1936 2708 esse
1979 2654 2253 2708 ultionem.
2329 2653 2465 2726 Vgl.
2501 2655 2672 2709 Lucan.

348 2741 460 2795 qua
487 2741 687 2795 puqna
721 2726 875 2793 filius
902 2696 1069 2796 leyat’i
1098 2726 1185 2780 M.
1222 2724 1475 2780 Ostorius
1581 2732 1633 2793 4,
1662 2730 1768 2780 808
1804 2726 1856 2779 si
1894 2725 2162 2780 libertatis
2197 2729 2418 2794 superis
2445 2734 2552 2782 tam
2568 2739 2673 2781 eura

344 2797 550 2851 servati
586 2798 721 2851 civis
756 2798 920 2852 decus
952 2798 1166 2852 meruit.
1576 2799 1821 2866 placeret
1853 2813 2022 2866 quam
2056 2797 2308 2852 vindicta
2334 2799 2535 2867 p.laeet

421 2874 467 2922 ’1.
517 2856 669 2923 Uber
713 2868 823 2923 den
850 2867 1045 2922 Plural
1081 2868 1289 2939 effuyia
1326 2885 1365 2923 s.
1407 2885 1474 2921 zu
1657 2873 1740 2922 10.
1795 2869 1952 2923 semel
2000 2868 2144 2923 edito
2190 2868 2332 2937 „mit
2334 2815 2675 2936 Peinmaliger

348 2943 432 3005 15,
471 2945 557 2994 63.
1580 2938 1995 3009 Erwahnung“.
2044 2939 2226 2994 edito
2280 2939 2367 2994 als
2427 2940 2675 2996 absolutet

1581 3007 1819 3065 Ablativ
1849 3010 1928 3064 ist
1962 3004 2061 3066 ἅπ.
2103 3008 2204 3081 elo.

351 3108 359 3119 α
419 3081 517 3136 16.
556 3087 605 3136 2.
636 3097 819 3151 meque
839 3112 905 3121 —
926 3081 1282 3150 aliorumque.
1325 3066 1478 3135 Uber
1659 3087 1741 3137 11.
1805 3082 2118 3150 posteritati
2180 3080 2345 3149 „dem
2399 3081 2675 3137 Andenken

348 3150 497 3207 diese
537 3154 653 3207 erst
688 3152 748 3205 in
785 3152 893 3206 den
921 3152 1180 3206 Annalen
1217 3150 1476 3206 vorkom-
1581 3153 1677 3208 bei
1729 3152 1828 3207 der
1882 3152 2235 3220 Nachwelt‘g
2290 3153 2418 3208 eine
2468 3151 2674 3220 Brachy-

347 3222 547 3277 mende
584 3222 873 3291 poetische
910 3221 1077 3276 Form
1115 3222 1215 3276 der
1242 3220 1476 3277 Koordi·
1581 3223 1748 3293 logie.

345 3293 542 3348 nation
580 3312 620 3347 s.
661 3312 730 3347 zu
765 3299 816 3361 2,
854 3299 904 3348 3.
1655 3295 1751 3350 17.
1787 3279 2019 3349 Lllber
2045 3296 2248 3364 quippe
2272 3294 2334 3349 in
2352 3292 2672 3374 Anastrophe

419 3371 468 3420 6.
507 3365 832 3434 restrinyere
869 3363 1185 3435 ‚,beengen,
1223 3362 1475 3420 beklem-
1585 3384 1626 3422 s
1665 3385 1732 3419 zu
1767 3370 1927 3434 2,15
1973 3368 2197 3421 classem
2239 3367 2443 3437 quippe
2485 3371 2533 3420 et
2567 3363 2673 3420 avia

344 3437 524 3491 men“.
573 3435 638 3489 In
666 3435 876 3490 diesem
897 3436 1068 3490 Sinne
1087 3435 1474 3506 ungebrauch-
1590 3436 1795 3492 Oceani
1830 3439 2095 3506 quaesita.

343 3506 476 3562 lich.
1653 3514 1702 3563 2.
1759 3506 2057 3563 Petronius
2111 3509 2189 3564 ist
2240 3503 2670 3564 wahrscheinlieh
2764 3490 2765 3513 ³

421 3584 469 3632 7.
517 3579 735 3632 oderint
771 3579 913 3632 statt
948 3579 1046 3633 des
1082 3577 1471 3635 handschriftl.
1581 3577 1860 3647 derselbe,
1908 3595 2019 3634 von
2063 3580 2334 3636 welchem
2373 3582 2537 3635 unter
2567 3576 2670 3630 dem

346 3649 570 3704 oderim.
627 3649 742 3704 Der
772 3648 909 3703 Sinn
941 3648 1040 3705 ist.
1081 3648 1180 3704 Ich
1208 3651 1399 3705 verlan
1444 3667 1474 3704 e
1582 3649 1733 3705 Titel
1781 3649 2078 3721 Satyrieon
2124 3651 2285 3718 (statt
2336 3656 2529 3707 satura
2571 3647 2669 3702 Me-

345 3721 520 3788 nicht,
560 3720 685 3774 dass
714 3719 805 3775 die
833 3720 1049 3775 Lesei·
1024 3737 1157 3790 Jene
1185 3719 1472 3791 Unglfic-
1564 3722 2210 3791 *nippea)Bruchst1'icke
2237 3722 2389 3777 eines
2410 3738 2507 3777 aus
2524 3720 2669 3774 Prosa

344 3791 534 3847 lichen
551 3790 910 3859 bewundern,
940 3792 1181 3846 sondern
1198 3809 1322 3860 nur,
1351 3789 1474 3846 dass
1580 3794 1695 3846 und
1752 3791 1965 3847 Versen
2026 3791 2400 3848 bestehenden
2454 3792 2668 3847 Romans

347 3863 432 3916 sie
496 3863 782 3919 dieselben
844 3862 1016 3917 nicht
1056 3862 1259 3917 hassen
1316 3862 1476 3944 (oder
1554 3863 1905 3919 -vorhanden
1943 3862 2083 3919 sind.

345 3933 688 4003 verachten).
764 3932 941 3988 Darin
978 3933 1121 4002 liegt
1159 3934 1309 3988 dann
1348 3933 1470 3988 eine
1652 3941 1702 3990 3.
1740 3936 2011 4005 diym'tate
2036 3937 2336 4004 senatooia,
2365 3935 2480 3990 also
2507 3945 2665 3988 waren

343 4002 758 4076 Verteidigung
814 4005 950 4060 oder
1000 4003 1471 4075 Rechtfertigung
1580 4005 1660 4061 sie
1708 4007 1907 4076 equites
1951 4006 2237 4074 inlustres,
2281 4007 2386 4062 mit
2428 3999 2665 4061 senatori·

347 4075 629 4144 (defensio)
667 4076 766 4131 des
803 4075 1134 4131 Verfassers.
1579 4080 1769 4133 schem
1806 4076 2032 4133 Census.

419 4149 469 4198 8.
519 4145 610 4200 ira
645 4147 750 4201 illa
784 4149 1073 4202 numinum
1109 4146 1188 4202 ist
1222 4146 1282 4200 in
1319 4146 1472 4201 dem·
1651 4156 1700 4205 4.
1774 4149 2087 4219 praefectus
2154 4149 2447 4219 praetorii,
2527 4144 2665 4199 unter
2764 4110 2770 4205 1

334 4213 540 4269 -selben
580 4215 749 4271 Sinne
795 4221 999 4289 gesagt
1032 4219 1139 4273 wie
1175 4217 1308 4272 hist.
1352 4224 1397 4287 1,
1437 4223 1470 4272 3
1581 4220 1876 4285 Claudius,
1918 4219 2055 4275 aber
2088 4220 2168 4275 im
2203 4222 2252 4275 J.
2293 4225 2359 4275 51
2394 4188 2664 4297 abgesesszt,

349 4299 461 4339 non
499 4301 606 4340 esse
645 4302 811 4342 curae
847 4290 961 4345 deis
995 4291 1337 4346 secmitatem
1373 4304 1469 4345 no-
1579 4290 1797 4348 worauf
1849 4260 2057 4347 1'3urrus
2117 4292 2237 4348 sein
2291 4291 2420 4346 Amt
2471 4283 2662 4345 erhielt.
