2867 4625
909 118 1130 174 LIBER
1164 117 1286 173 XV.
1334 116 1490 174 CAP.
1529 124 1758 173 εῖτ-τι.
2385 117 2522 185 215

176 310 212 352 a
245 286 501 351 tribuno
546 284 779 350 dixere.
850 284 961 348 ille
997 281 1169 347 nihil
1215 281 1587 347 demoratus
1625 281 1917 367 exsurgit
1955 285 2023 347 et
2059 282 2278 348 omnia
2322 281 2519 348 simul

172 377 616 461 properantur:
677 371 1001 439 clauditur
1053 370 1379 454 cubiculo,
1432 375 1692 455 praesto
1748 376 1850 435 est
1893 370 2208 454 medicus,
2263 371 2515 437 abscin·
2557 390 2627 440 1o

173 465 399 529 duntur
442 483 670 547 venae,
715 463 948 547 vigens
995 459 1207 525 adhuc
1254 460 1491 525 balneo
1538 459 1840 542 infertur,
1885 459 2097 524 calida
2141 482 2312 544 aqua
2354 481 2519 524 mer·

173 556 358 637 satur,
400 553 585 617 nulla
628 550 803 616 edita
847 571 1003 615 voce
1050 570 1181 634 qua
1225 552 1439 613 semet
1484 549 1916 613 miseraretur.
1989 549 2373 614 circumdati
2416 550 2516 614 in·

171 642 349 707 terim
395 639 693 706 custodia
737 640 850 724 qui
887 639 1085 704 simul
1132 637 1613 718 discubuerant,
1657 658 1779 702 nec
1812 636 1941 701 nisi
1981 641 2292 721 provecta
2327 642 2516 704 nocte

169 730 386 795 omissi
432 734 602 815 sunt,
646 733 998 813 postquam
1043 748 1355 812 pavorem
1401 748 1644 810 eorum,
1690 746 1769 790 ex
1814 747 2040 791 mensa
2085 726 2356 792 exitium
2403 748 2517 812 op·

171 818 564 904 perientium‚
599 821 668 883 et
700 817 1101 903 imaginatus
1140 818 1207 880 et
1242 815 1530 881 inridens
1558 813 1734 881 Nero
1772 815 1935 880 satis
1974 814 2277 900 supplicii
2312 816 2515 881 luisse
2555 834 2622 882 15

177 908 262 972 ait
303 929 421 992 pro
469 907 676 991 epulis
722 905 1188 972 consularibus.

340 995 511 1061 Exin
555 996 808 1061 Annaei
851 994 1098 1060 Lucani
1142 993 1406 1060 caedem
1459 994 1753 1078 imperat.
1841 993 1898 1057 is
1951 993 2314 1077 profluente
2370 1015 2515 1059 san·
2539 998 2625 1063 70

178 1085 356 1170 guine
403 1085 515 1150 ubi
560 1084 906 1171 frigescere
951 1083 1147 1168 pedes
1193 1104 1553 1167 manusque
1599 1086 1667 1147 et
1714 1082 2035 1165 paulatim
2081 1083 2164 1147 ab
2211 1083 2515 1147 extremis

177 1174 382 1239 cedere
428 1174 730 1259 spiritum
788 1172 1036 1238 fervido
1084 1171 1294 1238 adhuc
1340 1174 1408 1236 et
1462 1174 1762 1255 compote
1809 1171 2043 1235 mentis
2098 1174 2362 1255 pectore
2415 1171 2516 1235 in-

176 1263 445 1349 tellegit,
489 1263 866 1329 recordatus
912 1282 1173 1327 carmen
1218 1282 1258 1325 a
1303 1282 1372 1325 se
1419 1260 1879 1345 compositum,
1930 1281 2059 1344 quo
2107 1260 2515 1325 vulneratum

177 1352 431 1417 militem
477 1372 595 1435 per
639 1352 777 1417 eius
815 1350 991 1416 modi
1026 1350 1258 1415 mortis
1305 1349 1660 1434 imaginem
1696 1348 1913 1413 obisse
1955 1347 2330 1433 tradiderat,
2374 1371 2515 1414 ver·
2553 1369 2587 1417 5

178 1462 275 1505 sus
311 1441 491 1524 ipsos
527 1441 800 1524 rettulit,
847 1460 1046 1524 eaque
1090 1438 1191 1503 illi
1227 1460 1530 1523 suprema
1566 1458 1694 1503 vox
1729 1436 1875 1503 fuit.
1933 1434 2201 1503 Senecio
2239 1437 2517 1522 posthac

178 1532 236 1593 et
277 1523 665 1606 Quintianus
712 1532 780 1593 et
825 1526 1174 1594 Scaevinus
1219 1548 1355 1592 non
1400 1549 1480 1591 ex
1523 1527 1739 1610 priore
1786 1526 1959 1591 vitae
2005 1526 2310 1609 mollitia,
2362 1548 2517 1592 mox

178 1618 394 1703 reliqui
439 1619 927 1684 coniuratorum
982 1616 1256 1701 periere,
1309 1616 1492 1680 nullo
1546 1617 1722 1681 facto
1783 1614 2037 1681 dictove
2084 1615 2515 1681 memorando.

338 1705 467 1772 Sed
504 1707 814 1791 compleri
849 1705 1115 1771 interim
1152 1705 1308 1770 urbs
1354 1705 1715 1788 funeribus,
1761 1701 2165 1788 Capitolium
2204 1705 2515 1789 victimis3
2538 1709 2623 1775 71

182 1795 329 1860 alius
382 1797 551 1879 filio,
612 1796 815 1860 fratre
871 1795 1038 1860 alius
1099 1797 1213 1859 aut
1275 1795 1643 1878 propinquo
1699 1795 1816 1859 aut
1867 1793 2076 1860 amico
2139 1793 2517 1878 interfectis,

180 1905 355 1968 agere
399 1889 625 1971 grates
672 1884 835 1968 deis,
894 1904 1122 1949 ornare
1165 1883 1359 1947 lauru
1401 1884 1692 1966 domum,
1747 1902 1962 1967 genua
2006 1882 2213 1966 ipsius
2259 1883 2519 1949 advolvi

180 1976 237 2037 et
294 1973 587 2039 dextram
644 1974 882 2039 osculis
945 1972 1244 2057 fatigare.
1335 1975 1529 2056 atque
1592 1972 1701 2036 ille
1765 1971 2074 2056 gaudium
2128 1972 2195 2036 id
2250 1972 2517 2038 credens

182 2062 441 2128 Antonii
482 2061 740 2128 Natalis
787 2067 855 2126 et
890 2059 1178 2127 Cervarii
1211 2060 1474 2126 Proculi
1517 2059 1828 2125 festinata
1869 2060 2110 2125 indicia
2153 2060 2515 2144 inpunitate
2554 2081 2588 2129 5

184 2156 635 2217 remuneratur.
681 2149 985 2215 Milichus
1015 2148 1320 2234 praemiis
1350 2150 1595 2215 ditatus
1615 2149 2087 2215 conservatoris
2109 2149 2233 2214 sibi
2259 2169 2516 2233 nomen,

180 2236 416 2306 Graeco
476 2240 612 2306 eius
666 2240 762 2305 rei
816 2238 1162 2323 vocabulo,
1217 2238 1598 2323 adsumpsit.
1688 2259 1722 2302 e
1775 2237 2056 2302 tribunis
2104 2236 2347 2303 Gavius
2394 2236 2516 2302 Sil-

185 2349 403 2416 vanus,
452 2330 751 2415 quamvis
797 2329 1150 2413 absolutus,
1194 2350 1313 2393 sua
1346 2351 1547 2394 manu
1586 2327 1841 2411 cecidit3
1890 2325 2136 2392 Statius
2155 2326 2515 2393 Proximus

182 2420 442 2504 veniam,
512 2441 706 2504 quam
763 2420 845 2483 ab
898 2418 1289 2502 imperatore
1346 2420 1709 2501 acceperat,
1771 2417 2058 2481 vanitate
2114 2416 2322 2482 exitus
2377 2437 2515 2481 cor-

180 2507 352 2589 rupit.
442 2509 623 2572 exuti
695 2507 926 2572 dehinc
990 2506 1326 2571 tribunatu
1342 2504 1422 2545 *²¹⁸
1488 2506 1863 2590 Pompeius,
1920 2502 2278 2595 ¹Cornelius
2340 2504 2514 2570 Mar·
2555 2526 2631 2575 10

181 2716 352 2783 officia
386 2719 581 2789 legum.
655 2717 872 2787 Wegen
913 2716 1015 2772 der
1050 2714 1287 2772 Koordi-
1466 2721 1517 2771 5.
1580 2717 1772 2772 mortis
1832 2717 2015 2786 imayo
2079 2715 2206 2785 „die
2267 2715 2517 2770 Darstel-

182 2788 356 2843 nation
418 2790 528 2845 mit
580 2794 820 2843 metuens
874 2789 988 2858 vgl.
1042 2787 1188 2842 Einl.
1236 2792 1285 2853 ξ.
1391 2787 1533 2858 lung
1569 2787 1668 2842 des
1705 2787 1926 2843 Todes“
1964 2786 2018 2842 d.
2047 2787 2100 2841 h.
2142 2786 2241 2841 der
2277 2786 2518 2857 geschil-

187 2863 293 2928 119,
327 2867 374 2915 s.
419 2922 424 2928 ⁶
499 2882 508 2888 ·
1393 2858 1553 2913 derte
1589 2857 1728 2914 Tod.

250 2935 326 2988 11.
360 2948 597 2987 mersare
630 2931 707 2986 ist
742 2930 835 2985 bei
864 2931 996 2984 Tac.
1034 2924 1132 2984 ἅπ.
1163 2927 1285 2998 elo„

186 2999 279 3055 seit
319 3001 527 3058 Lucrez
580 3001 679 3056 bei
724 3001 995 3057 Dichtern
1038 3001 1154 3055 und
1207 3000 1287 3054 im
1470 2999 1565 3055 71.
1614 3005 1665 3055 3.
1712 3015 1911 3056 ornare
1955 3000 2141 3055 lawru.
2213 2996 2376 3054 Auch
2416 2999 2451 3054 J
2454 3019 2517 3055 u-

185 3068 443 3129 silbemen
479 3072 699 3129 Latein.
1393 3072 1563 3126 venal
1598 3071 1853 3126 erwahnt
1888 3069 2008 3125 dies
2035 3070 2119 3124 als
2152 3070 2246 3125 ein
2275 3070 2519 3127 Zeichen

250 3148 324 3200 15.
387 3145 694 3216 imaginari
763 3143 939 3199 findet
999 3142 1119 3198 sich
1181 3160 1288 3198 nur
1397 3143 1496 3198 der
1531 3142 1768 3198 Frende.
2486 3138 2491 3143 ’

189 3209 295 3266 hier
319 3215 409 3271 bei
436 3217 586 3286 Tac„
625 3213 940 3270 ausserdem
975 3214 1068 3270 bei
1097 3213 1286 3269 seinen
1466 3239 1517 3287 4,
1571 3233 1854 3301 wadium,
1928 3229 2229 3286 Natfiffioh
2287 3246 2400 3286 war
2459 3247 2520 3287 ΘΕ

187 3280 594 3370 Ζθίὓὲθζὶθβδθῑὶ,
632 3288 818 3341 21161·θῦ
852 3285 944 3341 bei
976 3285 1109 3360 *dem
1146 3284 1286 3340 alte·
1392 3303 1559 3358 keine
1633 3301 1970 3373 aufrichtige
2042 3302 2276 3358 Frende.
2384 3301 2521 3358 Man

192 3368 277 3407 ren
309 3356 537 3413 lems.
1362 3375 1586 3429 'wollte
1615 3373 1792 3429 durch
1821 3373 1973 3429 diese
1991 3372 2520 3430 Demonstrationen

254 3495 319 3552 70
365 3448 372 3459 .
1056 3497 1069 3510 .
1236 3499 1268 3527 ιι
1392 3443 1485 3498 ffir
1537 3444 1629 3500 die
1680 3444 1930 3514 Rettung
1984 3444 2083 3499 des
2132 3444 2357 3500 Kaisers
2411 3462 2514 3500 nur

320 3535 337 3553 .
390 3505 439 3555 2.
492 3505 732 3556 eaetrema
785 3499 1234 3568 „Extremltaten
1272 3541 1287 3569 ‚
1394 3516 1586 3571 seinen
1622 3514 2046 3586 Verfolgnngen
2083 3516 2382 3585 entgehen·

192 3568 698 3764 ..sm
1557 3604 2085 3745 essm
2123 3603 2517 3730 *effla

196 3778 325 3848 temo
339 3716 812 3840 em’mtvgeseffizff'
860 3717 948 3783 ²1⁹
997 3718 1082 3782 15’
1120 3717 1151 3765 ²
1201 3729 1286 3766 Μ’
1392 3746 1626 3869 {tossen
1663 3747 1738 3829 da
1774 3746 2122 3828 griechische
2160 3744 2360 3800 Gotter
2396 3744 2514 3799 und

255 3854 301 3903 4.
345 3869 583 3922 carmen,
636 3853 1105 3911 wahrscheinlich
1159 3853 1284 3909 eine
1392 3824 1611 3943 ὴέἂὲῗ
1668 3818 1861 3873 ‘hesen
1918 3818 2222 3872 Beuum&
2287 3808 2516 3886 μεθῶ

198 3914 351 3978 Stelle
386 3941 483 3980 aus
518 3928 618 3980 der
652 3926 969 3982 Pharsalia:
1017 3932 1068 3992 3,
1109 3930 1284 3980 635—-
1679 3979 1691 3991 ,
2120 3974 2133 3987 ,
2386 3974 2398 3986 ,

199 3992 309 4060 646,
361 4012 441 4050 wo
486 3997 587 4051 auf
626 3997 751 4053 eine
796 3997 1119 4053 videl-liobe
1171 3996 1284 4050 und
1467 3984 1517 4032 9.
1553 3983 1800 4034 vamtate
1835 3980 1934 4032 ctt.
1980 3974 2311 4031 bezelchnet
2347 3989 2516 4029 emen

197 4056 449 4121 ‹im-chaus
510 4067 873 4138 unpoeffigche
936 4068 1125 4123 Weige
1189 4083 1285 4137 ge-
1394 4049 1999 4132 selbstverschuldeten
2036 4046 2174 4102 Tod.
2249 4047 2362 4101 Das
2400 4045 2453 4099 Ν
2455 4049 2515 4100 a·

200 4130 445 4191 schildert
494 4138 659 4209 wird,
713 4139 820 4195 wie
875 4140 965 4194 ein
1019 4140 1098 4193 im
1156 4138 1285 4193 See·
1391 4120 1527 4175 here
1564 4122 1706 4175 Wll‘d
1740 4121 1900 4177 mcht
1935 4117 2201 4174 &Nabut-

200 4196 377 4273 kampf
415 4225 510 4264 vor
555 4210 836 4266 Marseille
886 4210 1102 4266 todlieh
1147 4208 1286 4265 Ver·
1469 4215 1550 4266 10.
1591 4208 1725 4264 Dass
1750 4224 1853 4263 vor
1878 4205 2181 4277 Pompejus
2213 4206 2307 4262 ein
2333 4205 2521 4261 Name

147 4336 154 4342 ,
201 4275 461 4332 wundeter
493 4282 611 4337 sich
649 4281 946 4339 verblutet.
1393 4278 1564 4350 fehlt,
1603 4280 1754 4352 zeigt
1790 4279 1890 4334 das
1927 4277 2229 4349 Folgende.
