2867 4625
161 453 252 518 46

179 2234 269 2302 48

269 20 404 87 200

935 21 1281 79 CORNELII
1318 20 1563 77 TACITI
1598 20 1990 79 ANNALIUM

166 202 233 251 15
274 182 519 250 Seneca
576 185 942 270 proditione
999 187 1214 252 liberti
1269 208 1384 251 seu
1427 186 1697 270 propria
1739 185 2119 269 formidine,
2173 184 2324 251 dum
2367 185 2667 270 persim-

269 273 428 359 plici
489 274 665 340 victu
731 278 798 340 et
851 275 1219 361 agrestibus
1273 275 1516 360 pomis,
1580 297 1655 340 ac
1712 275 1769 340 si
1827 277 1969 340 sitis
2028 275 2430 358 admoneret,
2499 297 2665 358 pro·

271 362 513 428 fluente
562 385 731 450 aqua
776 364 982 430 vitam
1026 365 1283 430 tolerat.

450 451 577 517 Per
646 454 822 519 idem
892 457 1152 538 tempus
1221 453 1616 539 gladiatores
1682 453 1855 537 apud
1920 451 2233 537 oppidum
2293 452 2667 517 Praeneste

270 543 594 625 temptata
639 543 980 627 eruptione
1026 542 1349 628 praesidio
1396 542 1646 627 militis,
1693 542 1804 627 qui
1840 546 2061 607 custos
2099 542 2336 625 aderat,
2381 541 2667 607 coerciti

274 633 448 716 sunt,
492 631 625 695 iam
671 631 1053 717 Spartacum
1101 635 1168 696 et
1212 636 1434 697 vetera
1478 632 1655 696 mala
1699 631 2065 696 rumoribus
2101 631 2346 696 ferente
2383 630 2666 715 popule,

273 721 349 783 ut
412 722 513 785 est
576 742 895 788 novarum
951 742 1167 785 rerum
1222 721 1488 805 cupiens
1544 720 1962 806 pavidusque.
2061 742 2180 785 nec
2235 720 2440 785 multo
2500 722 2677 804 post

203 825 237 873 5
275 807 489 872 clades
535 811 629 875 rei
672 811 929 876 navalis
976 810 1319 894 accipitur,
1364 831 1497 874 non
1543 809 1716 875 bello
1765 808 2033 893 (quippe
2078 808 2252 873 haud
2300 809 2461 873 alias
2513 811 2669 872 tam

274 896 550 963 immota
591 898 778 988 pax),
833 898 947 964 sed
996 903 1244 965 eertum
1290 899 1374 964 ad
1420 897 1590 962 diem
1638 898 1710 962 in
1757 896 2186 982 Campaniam
2230 897 2436 962 redire
2488 896 2669 962 clas-

277 1007 413 1050 sem
458 985 634 1053 Nero
690 989 997 1072 iusserat,
1050 1010 1188 1053 non
1241 987 1530 1072 exceptis
1584 987 1784 1053 maris
1840 988 2115 1052 casibus.
2208 1007 2363 1072 ergo
2415 987 2675 1072 guber-

276 1077 559 1161 natores,
607 1077 902 1161 quamvis
951 1077 1277 1142 saeviente
1322 1076 1579 1162 pelago,
1628 1099 1667 1142 a
1702 1075 1987 1142 Formiis
2021 1097 2313 1160 movere3
2359 1077 2427 1139 et
2464 1076 2671 1161 gravi

276 1164 531 1249 Africo,
597 1165 751 1231 dum
813 1165 1338 1250 promunturium
1392 1165 1629 1231 Miseni
1685 1186 1990 1250 superare
2045 1165 2472 1249 contendunt,
2538 1163 2673 1230 Cu-

278 1342 524 1425 passim
571 1344 943 1409 amiserunt.

172 1269 242 1319 10
277 1253 490 1319 manis
536 1253 839 1321 litoribus
884 1255 1132 1340 inpacti
1178 1255 1542 1320 triremium
1589 1255 1931 1340 plerasque
1976 1257 2043 1318 et
2088 1254 2341 1319 minora
2385 1254 2675 1339 navigia

170 1432 258 1496 47

461 1431 622 1496 Fine
658 1434 812 1498 anni
839 1434 1194 1520 vulgantur
1219 1433 1540 1518 prodigia,
1567 1431 2023 1496 inminentium
2051 1431 2375 1496 malorum
2402 1433 2677 1497 nuntia.

280 1520 382 1585 vis
435 1519 771 1607 fulgurum
824 1543 960 1587 non
1014 1522 1178 1587 alias
1234 1522 1549 1605 crebrior,
1615 1524 1680 1586 et
1734 1521 1910 1585 sidus
1967 1524 2251 1585 cometes
2261 1571 2278 1604 ,
2334 1521 2677 1606 sanguine

283 1608 545 1673 inlustri
583 1632 837 1695 semper
872 1610 1121 1676 Neroni
1158 1612 1511 1695 expiatum.
1580 1609 1881 1694 bicipites
1922 1609 2260 1674 hominum
2298 1608 2677 1674 aliorumve

283 1697 665 1762 animalium
709 1704 938 1783 partus
985 1700 1222 1764 abiecti
1268 1700 1339 1764 in
1382 1699 1715 1785 publicum
1762 1702 1876 1764 aut
1915 1698 1984 1762 in
2023 1697 2373 1782 sacrificiiS,
2418 1700 2677 1783 quibus

213 1807 247 1858 5
286 1786 591 1872 gravidas
643 1787 895 1853 hostias
952 1789 1269 1854 inmolare
1324 1811 1468 1855 mos
1527 1791 1629 1853 est
1640 1839 1659 1873 ,
1711 1787 1969 1872 reperti.
2063 1791 2131 1851 et
2185 1788 2255 1852 in
2302 1808 2461 1871 agro
2516 1787 2674 1853 Pla-

286 1875 548 1940 centino
602 1876 776 1941 viam
830 1881 1097 1962 propter
1151 1880 1346 1942 natus
1397 1878 1666 1961 vitulus,
1722 1877 1826 1942 cui
1873 1879 2069 1959 caput
2111 1875 2181 1941 in
2230 1896 2411 1941 crure
2460 1880 2675 1964 esset3

283 1967 634 2049 secutaque
679 1966 1098 2051 haruspicum
1144 1967 1629 2051 interpretatio,
1685 1965 1904 2051 parari
1958 1986 2172 2029 rerum
2222 1965 2674 2031 humanarum

286 2052 462 2117 aliud
516 2056 739 2139 caput,
802 2054 916 2119 sed
973 2077 1108 2121 non
1163 2054 1302 2120 fore
1358 2055 1643 2120 validum
1697 2076 1906 2139 neque
1963 2055 2316 2137 occultum,
2381 2056 2549 2139 quia
2604 2056 2675 2120 in

287 2144 475 2207 utero
521 2165 887 2227 repressum
935 2145 1050 2208 aut
1095 2144 1219 2208 iter
1264 2144 1449 2209 iuxta
1495 2143 1738 2208 editum
1787 2143 1891 2207 sit.

468 2229 706 2296 Ineunt
761 2231 991 2296 deinde
1048 2233 1461 2298 consulatum
1508 2231 1706 2298 Silius
1752 2231 1972 2296 Nerva
2024 2235 2091 2296 et
2134 2230 2394 2295 Atticus
2437 2227 2672 2297 Vesti-

286 2342 432 2404 nus,
479 2324 708 2405 coepta
756 2322 951 2386 simul
996 2325 1062 2386 et
1108 2325 1300 2387 aucta
1345 2322 1806 2405 coniuratione,
1852 2321 1923 2386 in
1969 2342 2165 2404 quam
2207 2321 2511 2385 certatim
2552 2344 2672 2386 no-

370 2499 453 2551 15.
503 2485 834 2564 pei-simplex
871 2494 948 2549 ist
983 2488 1080 2549 ἅπ.
1120 2494 1222 2566 sto.

368 2635 467 2691 46.
520 2642 565 2691 1.
604 2635 905 2693 Praeneste
936 2638 1035 2708 lag
1060 2637 1191 2694 funs
1211 2636 1422 2693 Meilen

300 2706 505 2762 estlich
542 2724 652 2762 von
689 2708 849 2763 Rom.

367 2784 418 2832 3.
474 2776 588 2832 Der
636 2778 913 2834 Aufstand
975 2778 1073 2833 des
1118 2779 1421 2850 Spartacus

299 2850 532 2904 dauerte
567 2866 680 2905 von
717 2855 926 2905 73—71
969 2869 1019 2906 v.
1053 2849 1179 2904 Chr.
1220 2882 1287 2892 —
1325 2868 1419 2905 ru-

297 2921 541 2976 moribus
584 2923 730 2988 ferre
773 2922 919 2976 nach
966 2920 1085 2976 Liv.
1124 2928 1184 2988 4,
1214 2926 1246 2976 5
1288 2922 1426 2989 fene

296 2992 635 3047 sermonibus
671 2998 722 3047 et
746 2993 1111 3061 multiplicate
1136 2994 1293 3059 fama
1320 2994 1425 3048 bel·

298 3064 429 3188 ἔφη.
503 3069 572 3117 23
589 3104 603 3131 ,
639 3068 705 3118 31
746 3068 937 3132 patres
982 3064 1066 3117 ita
1100 3064 1256 3129 fama
1290 3065 1424 3130 fere-

334 3137 448 3188 ant.

370 3209 425 3258 8.
472 3200 730 3257 Formiae
776 3203 873 3273 lag
908 3204 969 3257 in
1004 3202 1243 3261 Latium.
1318 3204 1424 3260 Die

298 3273 479 3329 Fabrt
515 3273 652 3396 gin}
676 3274 800 3346 ⁸also
829 3274 1141 3330 sfidostlich
1170 3274 1279 3329 mit
1303 3275 1425 3329 hal-

305 3347 435 3400 bem
473 3344 609 3398 Wm
651 3360 708 3412 e3
758 3345 858 3399 der
893 3345 1116 3400 Africus
1162 3346 1240 3401 ist
1282 3347 1428 3400 nach

301 3414 890 3540 &ngwolfteiligen
962 3415 1259 3472 Windrose
1331 3419 1431 3473 der

376 3563 426 3612 9.
489 3558 705 3612 Miseni
760 3560 902 3614 statt
960 3560 1269 3627 Misenum,
1321 3559 1430 3615 wie

306 3630 457 3685 auch
494 3635 555 3700 6,
594 3634 679 3684 50.

373 3771 474 3827 47.
522 3778 572 3827 2.
619 3772 776 3827 sidus
805 3777 1023 3826 cometes
1052 3773 1195 3827 auch
1228 3778 1313 3842 14,
1343 3777 1430 3828 22.

303 3843 388 3897 Im
424 3842 593 3897 Jahre
624 3848 710 3912 60,
747 3860 834 3896 wo
874 3842 1146 3898 ebenfalls
1187 3843 1279 3898 ein
1318 3843 1431 3898 Ko-

309 3915 429 3968 met
456 3915 736 3968 erscheint
761 3913 874 3967 und
894 3913 1044 3969 Nero
1074 3914 1247 3969 durch
1268 3913 1433 3968 einen

306 3982 656 4054 Blitzschlag
721 3984 781 4039 in
838 3985 1104 4038 nficbster
1156 3985 1318 4039 Nahe
1374 3985 1434 4038 in

309 4052 627 4108 Schrecken
664 4057 842 4123 gerat,
888 4055 1145 4124 begnfigt
1193 4072 1253 4109 er
1294 4054 1432 4123 sich,

313 4122 422 4177 den
469 4124 761 4179 Rubellius
805 4125 1037 4180 Plautus
1087 4143 1153 4178 zu
1199 4126 1432 4180 verban-

309 4208 434 4246 nen.
509 4193 696 4248 Daher
752 4194 972 4249 scheint
1022 4195 1122 4250 das
1168 4194 1434 4266 folgende

1530 2512 1736 2565 semper
1783 2494 1908 2549 eine
1955 2482 2371 2563 Ubertreibung
2416 2512 2491 2548 zu
2545 2498 2667 2550 ent-

1531 2568 2002 2705 hagesslaoenfia,
2035 2637 2145 2691 seit
2172 2642 2276 2691 219
2305 2655 2358 2692 v.
2388 2636 2524 2694 Chr.
2554 2637 2666 2692 Ko-

1529 2708 1706 2777 lonie,
1761 2707 1905 2777 liegt
1959 2724 2055 2762 am
2100 2709 2331 2763 rechten
2380 2708 2523 2763 Ufer
2568 2708 2671 2764 des

1529 2779 1820 2834 mittleren
1855 2779 1952 2834 Po.

1602 2856 1652 2906 6.
1690 2855 1822 2905 esset
1855 2848 1934 2903 im
1962 2849 2379 2905 konsekutiven
2405 2848 2665 2905 Relativ·

1534 2925 1677 2990 satz,
1744 2921 1835 2974 die
1890 2919 2344 2975 Beschaffenheit
2401 2919 2663 2975 bezeich-

1532 2992 1705 3060 nend3
1746 2991 1840 3047 bei
1876 2991 2008 3047 Tac.
2048 2992 2252 3046 selten:
2293 2997 2345 3059 1,
2378 2997 2443 3045 11
2484 2993 2551 3047 in
2582 3008 2664 3047 re·

1533 3065 1635 3118 bus
1669 3079 1809 3133 quas
1842 3079 1958 3118 non
1994 3064 2267 3118 occideret.
2337 3068 2424 3129 13,
2459 3069 2489 3116 1
2519 3079 2663 3133 spec-

1533 3139 1762 3190 ταγείαν.

1603 3203 1706 3262 48.
1765 3211 1812 3260 1.
1858 3203 1967 3258 Ein
2004 3203 2172 3260 Silius
2210 3206 2429 3274 Nerva,
2476 3204 2658 3259 walir-

1535 3275 1849 3331 scheinlich
1904 3277 2004 3330 der
2053 3277 2224 3330 Vater
2278 3276 2378 3330 des
2436 3276 2661 3346 obigen,
2752 3292 2757 3299 ·

1538 3346 1614 3402 ist
1654 3346 1872 3401 Konsul
1914 3347 1995 3401 im
2031 3347 2080 3401 J.
2112 3352 2196 3402 28.
2271 3345 2542 3401 Vestinus
2584 3346 2663 3400 ist

1536 3416 1830 3480 vielleieht
1857 3418 1948 3473 ein
1978 3417 2132 3473 Sohn
2161 3419 2259 3472 des
2288 3415 2658 3487 gleichnami·

1537 3505 1646 3557 gen
1683 3495 1821 3544 rom.
1859 3488 2075 3543 Ritters
2118 3505 2220 3543 aus
2257 3488 2504 3557 Vienna,
2553 3488 2659 3548 den

1536 3559 1741 3614 Kaiser
1782 3559 2053 3615 Claudius
2107 3560 2169 3616 in
2215 3560 2399 3615 seiner
2444 3560 2527 3614 als
2569 3559 2657 3612 In-

1538 3630 1739 3685 schrift
1792 3631 2122 3686 erhaltenen
2174 3631 2331 3686 Rede
2386 3628 2658 3685 rfihmend

1539 3701 1810 3756 erwahnt.

1611 3777 1661 3828 2.
1719 3778 1908 3842 coepta
1962 3773 2118 3827 kann
2161 3773 2323 3827 nicht
2364 3772 2655 3835 bedenteru

1542 3842 1665 3898 dass
1721 3843 1814 3898 die
1859 3843 2311 3913 Verschwfirung
2366 3846 2479 3898 erst
2517 3842 2657 3911 jetzt

1540 3915 1620 3969 im
1657 3912 1709 3968 J.
1740 3920 1808 3969 65
1848 3915 2132 3983 entstand,
2169 3915 2413 3969 sondern
2450 3913 2526 3968 sie
2559 3911 2651 3965 be-

1542 3985 1711 4040 stand
1746 3984 1963 4040 bereits
1995 3986 2160 4052 (nach
2197 3985 2304 4056 Kp.
2335 3990 2404 4040 50
2441 3985 2653 4040 ardente

1542 4057 1720 4124 domo)
1747 4056 1828 4110 im
1855 4057 2090 4125 vorigen
2117 4056 2152 4110 J
2154 4056 2307 4123 ahre,
2344 4055 2459 4109 und
2486 4054 2649 4109 sehon

1547 4132 1640 4196 14,
1682 4131 1752 4182 65
1795 4126 1936 4181 wird
1983 4127 2085 4181 auf
2125 4126 2248 4181 ihre
2286 4126 2652 4192 Entstehung,

1544 4197 1664 4252 also
1703 4214 1803 4252 aus
1841 4198 1970 4251 dem
2007 4198 2057 4253 J.
2094 4204 2189 4265 62,
2229 4197 2610 4267 hingewiesen.
