2867 4625
1008 98 1227 154 usna
1260 97 1302 157 1.
1377 98 1534 154 cAP.
1575 104 1804 156 εει-ου.
2506 101 2588 168 79

409 260 611 326 Fame
658 262 862 327 dediti
908 262 1315 348 benigneque
1361 262 1613 347 excepti
1651 260 1941 347 Segestis
1978 263 2279 351 vulgata,
2324 268 2400 329 ut
2447 266 2585 350 qui·
2608 274 2693 341 59

228 351 481 435 busque
542 351 790 416 bellum
849 352 1077 416 invitis
1132 356 1246 415 aut
1309 350 1722 435 cupientibus
1783 356 1952 434 erat,
2019 372 2135 436 spe
2198 354 2302 418 vel
2363 354 2588 419 dolore

231 439 565 524 accipitur

684 439 1056 505 Arminium
1123 461 1317 523 super
1377 439 1642 504 insitam
1706 440 2092 505 violentiam
2155 446 2343 525 rapta
2408 464 2589 527 uxor,

231 528 563 594 subiectus
613 527 882 593 servitio
927 528 1148 594 uxoris
1195 531 1417 593 uterus
1453 528 1832 593 vaecordem
1881 529 2191 615 agebant,
2236 531 2588 596 volitabat-

229 639 352 703 que
417 639 537 701 per
603 615 992 702 Cheruscos,
1057 638 1239 682 arma
1301 617 1372 682 in
1434 614 1800 701 Segestem,
1867 639 2049 683 arma
2110 619 2182 682 in
2241 618 2589 686 Caesarem
2610 638 2642 687 5

225 727 525 791 poscens.
587 727 797 791 neque
832 706 1091 790 probris
1127 706 1567 791 temperabat.
1605 706 1941 791 egregium
1977 709 2249 791 patrem,
2277 729 2589 793 magnum

225 797 722 881 imperatorem,
793 794 1032 860 fortem
1105 795 1483 878 exercitum,
1566 814 1844 878 quorum
1915 800 2019 859 tot
2090 817 2320 861 manus
2391 818 2587 862 unam

227 883 682 949 mulierculam
730 884 1078 950 evexerint.
1151 882 1278 949 sibi
1314 886 1447 948 tres
1494 883 1803 968 legiones,
1838 883 2112 948 totidem
2150 884 2403 971 legatos
2440 906 2591 969 pro·

228 973 561 1057 cubuisse3
633 993 767 1038 non
841 973 1013 1037 enim
1089 992 1159 1038 se
1221 971 1591 1055 proditione
1665 992 1874 1057 neque
1940 972 2247 1038 adversus
2312 974 2589 1039 feminas

226 1061 567 1146 gravidae,
623 1060 736 1126 sed
787 1062 1011 1145 palam
1057 1061 1363 1126 adversus
1411 1064 1700 1125 armatos
1747 1060 1993 1125 bellum
2040 1066 2337 1127 tractare.
2414 1062 2591 1127 cerni
2612 1073 2680 1124 10

225 1149 442 1215 adhuc
488 1148 961 1215 Germanorum
1012 1151 1083 1215 in
1138 1148 1300 1214 lucis
1357 1149 1550 1234 signa
1594 1147 1919 1233 Romana,
1976 1171 2143 1234 quae
2199 1150 2299 1215 dis
2354 1149 2589 1233 patriis

225 1238 659 1322 suspenderit.

778 1239 1021 1304 coleret
1085 1236 1387 1325 Segestes
1451 1238 1692 1302 victam
1772 1239 2010 1321 ripam,
2082 1238 2379 1304 redderet
2448 1239 2588 1304 filio

226 1327 670 1393 sacerdotium
715 1327 1081 1393 hominum:
1128 1326 1491 1393 Germanos
1536 1347 1895 1410 numquam
1941 1328 2104 1392 satis
2151 1331 2588 1411 excusaturos,

224 1416 400 1501 quod
467 1416 642 1480 inter
701 1414 925 1481 Albim
991 1418 1058 1480 et
1121 1415 1423 1481 Rhenum
1487 1415 1706 1500 virgas
1774 1420 1840 1480 et
1906 1436 2163 1480 secures
2229 1419 2297 1481 et
2360 1421 2589 1502 togam

221 1503 534 1571 viderint.
634 1504 781 1570 aliis
841 1504 1148 1591 gentibus
1203 1504 1578 1590 ignorantia
1632 1503 1868 1586 imperi
1914 1504 2196 1569 Romani
2251 1505 2589 1589 inexperta
2611 1514 2677 1566 15

225 1613 372 1658 esse
419 1593 765 1678 supplicia,
817 1594 1036 1658 nescia
1079 1593 1355 1679 tributa3
1410 1614 1578 1677 quae
1624 1593 1930 1677 quoniam
1988 1593 2281 1658 exuerint
2324 1594 2590 1658 inritus·

227 1703 358 1767 que
423 1681 794 1746 discesserit
855 1682 969 1746 ille
1032 1681 1205 1747 inter
1257 1682 1530 1746 numina
1584 1681 1837 1746 dicatus
1894 1679 2259 1766 Augustus,
2314 1682 2429 1747 ille
2485 1681 2591 1746 de·

227 1770 442 1836 lectus
489 1770 815 1853 Tiberius,
867 1792 950 1835 ne
1003 1770 1378 1855 imperitum
1439 1769 2021 1853 adulescentulum,
2079 1792 2161 1835 ne
2207 1769 2590 1836 seditiosum

230 1859 590 1925 exercitum
643 1862 1082 1943 pavescerent.
1182 1859 1239 1924 si
1292 1858 1579 1941 patriam
1632 1863 1935 1941 parentes
1991 1859 2261 1944 antiqua
2317 1859 2592 1924 mallent

229 1969 431 2033 quam
480 1948 777 2013 dominos
827 1951 894 2013 et
938 1947 1227 2013 colonias
1271 1969 1498 2030 novas,
1542 1947 1912 2012 Arminium
1957 1948 2178 2032 potius
2225 1948 2474 2034 gloriae
2513 1969 2590 2013 ac
2610 1969 2680 2020 20

226 2036 559 2102 libertatis
620 2058 815 2122 quam
871 2035 1205 2121 Segestem
1259 2034 1629 2121 flagitiosae
1690 2037 2024 2101 servitutis
2079 2036 2309 2102 ducem
2369 2058 2590 2121 seque·

229 2128 474 2191 rentur.

415 2212 670 2280 Conciti
730 2235 846 2298 per
906 2213 1071 2279 haec
1133 2234 1266 2279 non
1330 2212 1525 2279 modo
1586 2210 1900 2278 Cherusci
1967 2213 2081 2278 sed
2146 2213 2589 2279 conterminae
2610 2219 2698 2286 60

225 2306 482 2390 gentes,
511 2303 932 2390 tractusque
912 2325 984 2367 ιιι
1020 2302 1229 2387 partis
1255 2300 1713 2387 Inguiomerus
1741 2300 2023 2367 Arminii
2050 2306 2344 2388 patruus,
2372 2305 2590 2368 vetere

225 2415 315 2478 ap
318 2392 409 2457 ud
455 2392 785 2458 Romanos
832 2392 1250 2476 auctoritate3
1296 2391 1466 2456 unde
1512 2392 1722 2456 maior
1770 2389 2037 2456 Caesari
2094 2396 2324 2457 metus.
2406 2394 2474 2457 et
2506 2412 2590 2455 ne

227 2480 479 2547 bellum
525 2482 697 2547 mole
744 2503 878 2547 una
922 2482 1274 2567 ingrueret,
1310 2478 1659 2546 Caecinam
1699 2501 1846 2544 cum
1884 2479 2318 2564 quadraginta
2364 2479 2586 2544 cohor·

303 2706 597 2763 5s.1.ut
632 2708 934 2779 quibusque
961 2712 1051 2762 ctt.
1089 2707 1196 2762 wie
1223 2704 1358 2777 Agr.

229 2785 302 2836 18
352 2779 551 2848 quibus
613 2780 811 2835 bellum
862 2779 1169 2833 volentibus
1223 2782 1357 2833 erat.

226 2796 386 2905 hist?
398 2854 452 2916 3,
489 2855 576 2905 43.
659 2848 856 2904 Dieser
890 2847 1089 2917 Dativ,
1137 2848 1237 2904 der
1273 2849 1358 2904 als

230 2889 552 2976 Seltenlieit
613 2920 759 2976 auch
820 2920 914 2976 bei
969 2890 1183 2975 Sallust
1242 2920 1360 2975 und

228 2990 427 3046 Livius
464 2992 644 3060 steht,
692 2991 1009 3061 entspricht
1045 2991 1176 3045 dem
1171 2991 1355 3079 grie-

232 3061 507 3118 chischen
526 3033 774 3132 θέλοντι,
797 3058 1138 3134 βουλομένῳ,
1159 3055 1361 3117 ἄκοντι

231 3135 343 3204 μοί
373 3150 540 3187 εστιν.

309 3209 359 3258 2.
414 3218 508 3285 spe
561 3204 645 3259 vel
697 3205 905 3271 dolore,
962 3203 1053 3258 ein
1107 3202 1362 3258 modaler

230 3272 472 3329 Ablativ
517 3276 662 3330 ohne
709 3273 1090 3344 Praposition,
1127 3273 1233 3328 wie
1272 3290 1358 3343 cp.

233 3349 308 3402 68
363 3346 599 3401 clamore
652 3351 702 3400 et
762 3347 969 3416 impetu
1021 3315 1359 3412 circumfun-

231 3418 466 3473 duntur.
544 3421 612 3471 15
648 3421 879 3472 catervis
912 3417 1207 3472 desumere
1284 3414 1359 3469 So

233 3489 386 3542 auch
423 3487 483 3541 in
520 3486 631 3542 den
664 3486 978 3542 Historien:
1024 3488 1210 3542 cuneis
1257 3486 1359 3556 „in

230 3557 626 3628 keilformiger
660 3556 945 3627 Ordnung‘

310 3635 359 3684 3.
389 3645 556 3699 super
582 3632 724 3684 statt
818 3634 964 3684 aeter
991 3628 1142 3683 steht
1176 3630 1363 3683 zuerst

233 3701 332 3756 bei
367 3700 579 3767 Livius,
616 3700 709 3754 bei
790 3716 875 3754 ac.
913 3699 1075 3756 oster.

309 3777 359 3826 6.
399 3787 465 3841 ey
464 3787 525 3825 re
583 3788 691 3828 wm.
772 3757 925 3826 Uber
971 3770 1062 3824 die
1058 3769 1360 3895 2Stellung

236 3843 335 3899 des
374 3787 691 3912 Adjeffiivs
711 3859 754 3896 s.
792 3860 860 3896 zu

308 3920 358 3970 8.
397 3914 511 3968 sibi
556 3943 623 3954 -
660 3913 1044 3983 procubuisse,
1058 3847 1191 3966 2wie
1226 3911 1357 3965 hist.

234 3989 409 4111 0142?
441 3929 1356 4109 ἕέἕῖξωέἒέῗέζοῗέιῖἕῗέἰ

235 4124 475 4181 Dativus
515 4124 795 4180 commodi
832 4142 874 4179 s.
913 4123 1058 4179 Einl.
1097 4130 1142 4190 ξ.
1184 4129 1267 4179 30.

307 4202 391 4253 10.
432 4196 636 4252 bellum
679 4200 946 4262 tractare,
995 4196 1139 4250 auch
1185 4201 1244 4263 6,
1290 4200 1363 4248 44

235 4268 350 4322 und
380 4267 536 4324 oster
566 4267 731 4336 (nach
746 4267 1020 4338 Analogie
1048 4283 1160 4323 von
1186 4282 1363 4335 arma,

1467 2707 1576 2760 tela
1627 2709 1888 2773 tractare)
1962 2706 2184 2760 kommt
2256 2706 2432 2761 schon
2495 2704 2591 2760 bei

1467 2775 1657 2831 Livius
1694 2791 1813 2833 vor.

1543 2853 1625 2902 13.
1681 2849 2068 2916 sacerdotium,
2135 2865 2178 2902 s.
2234 2863 2321 2916 cp.
2381 2851 2468 2901 5⁷.
2519 2876 2591 2887 —

1466 2919 1747 2974 hominum
1782 2921 1819 2974 i.
1851 2934 1898 2974 e.
1930 2916 2185 2975 Caesaris
2212 2918 2307 2973 vel
2333 2917 2591 2987 Augusti,

1468 2989 1830 3055 verachtlich,
1859 2991 1933 3043 da
1957 2989 2049 3045 die
2080 2989 2400 3044 Germanen
2424 2988 2590 3044 keine

1467 3060 1774 3116 Menschen
1810 3063 2149 3131 vergottern.

1544 3137 1630 3186 15.
1679 3132 1998 3201 inexpertus
2082 3131 2354 3187 assivisch
2404 3130 2592 3186 zuerst

1468 3202 1563 3256 bei
1616 3200 1802 3273 Virgil
1851 3203 1966 3257 und
2086 3219 2241 3270 oraz,
2293 3202 2443 3257 dann
2495 3201 2591 3256 bei

1467 3271 1659 3327 Livius
1696 3275 1811 3327 und
1851 3272 2139 3344 Spateren.

1543 3349 1625 3398 16.
1682 3346 1898 3399 nescius
1953 3346 2031 3399 ist
2083 3343 2358 3399 ebenfalls
2413 3342 2588 3412 passi-

1467 3414 1628 3469 visch
1673 3415 2009 3484 gebraucht,
2058 3415 2163 3470 wie
2215 3420 2309 3481 16,
2360 3419 2430 3466 14
2473 3412 2589 3466 und

1468 3486 1644 3540 echon
1681 3485 1773 3539 bei
1809 3459 2061 3541 Plautus.
2132 3484 2351 3540 Ebenso
2377 3498 2591 3554 qums

1468 3556 1584 3611 und
1620 3557 1874 3628 iynarus,
1912 3575 1953 3610 s.
1995 3573 2083 3639 cp.
2119 3561 2168 3610 5.

1545 3633 1628 3682 17.
1668 3628 1855 3682 dicare
1889 3626 1998 3681 mit
2035 3627 2216 3682 einem
2245 3625 2350 3695 obj
2355 3624 2454 3678 ekt
2490 3624 2591 3678 der

1469 3697 1676 3752 Person
1711 3696 1890 3752 findet
1917 3699 2037 3753 sich
2064 3715 2170 3752 nur
2194 3696 2342 3751 noch
2360 3696 2451 3751 bei
2480 3696 2590 3750 den

1467 3768 1671 3823 beiden
1707 3768 1939 3824 Plinius.

1537 3838 1721 3895 60.1.
1769 3827 2392 3895 Ubernonmodosed
2437 3837 2584 3893 ohne

1466 3909 1760 3979 folgenden
1806 3912 1972 3965 etiam
2018 3928 2059 3964 s.
2105 3908 2252 3965 Einl.
2301 3915 2347 3975 §-
2387 3914 2473 3964 67.
2521 3938 2590 3948 -

1467 3983 1835 4036 conterminus
1867 3981 1963 4036 bei
1999 3979 2169 4047 Ovid,
2208 3982 2334 4035 dem
2374 3979 2591 4034 alter-en

1468 4051 1683 4107 Plinius
1719 4053 1833 4107 und
1871 4051 1948 4121 Sp
1950 4054 2161 4107 ateren.

1542 4128 1591 4178 2.
1668 4122 1988 4193 Inguiomer
2040 4121 2181 4176 wird
2236 4122 2426 4191 spater
2477 4135 2589 4175 von

1471 4194 1837 4320 Germaisscgs
1885 4192 2224 4263 geschlagen
2269 4191 2384 4245 und
2427 4188 2590 4245 flieht

1471 4283 1539 4319 zu
1574 4266 1697 4319 Mar
1735 4281 1768 4319 o
