2867 4625
1002 113 1219 171 LIBER
1255 116 1295 172 Ι.
1372 115 1530 173 ΟΑΡ.
1564 119 1789 172 18—21.
2487 113 2579 180 55

219 280 435 345 Blaesi
490 282 800 347 tribunus
853 281 1182 364 legatione
1240 301 1317 345 ea
1375 279 1759 365 fungeretur
1815 281 2196 365 peteretque
2255 277 2573 344 militibus

219 370 600 435 missionem
657 372 763 435 ab¹
798 370 1076 435 sedecim
1132 368 1348 453 annis3
1412 373 1629 434 cetera
1684 369 2132 452 mandaturos,
2190 368 2305 433 ubi
2360 367 2575 452 prima

215 459 688 544 provenissent.
777 459 1071 544 profecto
1112 458 1350 524 iuvene
1405 457 1732 523 modicum
1775 458 2010 541 otium3
2067 457 2180 522 sed
2235 457 2574 541 superbire

216 547 425 633 miles,
471 548 648 633 quod
692 548 869 613 filius
901 547 1104 633 legati
1141 551 1363 613 orator
1397 547 1697 633 publicae
1733 568 1965 612 causae
2004 546 2170 612 satis
2206 545 2575 612 ostenderet

212 637 604 703 neeessitate
646 657 957 722 expressa
996 658 1163 721 quae
1210 657 1328 721 per
1372 635 1761 704 modestiam
1805 656 1938 701 non
1984 634 2439 702 obtinuissent.
2612 651 2682 701 15

397 726 659 791 Interea
692 726 1040 811 ·manipuli
1115 731 1266 790 ante
1341 728 1643 809 coeptam
1706 722 2093 791 seditionem
2156 723 2572 809 Nauportum
2592 725 2682 790 20

122 881 129 886 ,
214 815 409 880 missi
456 815 540 880 ob
587 815 827 884 itinera
872 819 940 879 et
984 818 1217 900 pontes
1266 817 1333 879 et
1374 815 1546 880 alios
1589 834 1775 898 usus,
1829 817 2179 916 postquam
2231 813 2571 879 turbatum

208 902 286 968 in
354 904 592 970 castris
657 925 990 988 accepere,
1062 903 1297 968 vexilla
1334 901 1738 969 *convellunt
1798 902 2191 987 direptisque
2254 902 2572 986 proximis

213 993 379 1058 vicis
423 994 699 1077 ipsoque
743 991 1112 1077 Nauporto,
1170 993 1343 1077 quod
1390 991 1728 1075 municipii
1770 991 1983 1056 instar
2028 994 2186 1074 erat,
2227 991 2572 1056 retinentis

204 1082 629 1147 eenturiones
665 1082 875 1147 inrisu
912 1086 979 1147 et
1010 1081 1446 1166 contumeliis,
1481 1085 1815 1166 postremo
1842 1078 2222 1145 verberibus
2249 1080 2569 1145 insectan·
2607 1096 2644 1146 5

210 1173 339 1254 tur,
387 1172 741 1256 praecipua
775 1171 842 1236 in
879 1170 1314 1247 Aufidienum,
1333 1169 1575 1235 Rufum
1612 1169 2009 1253 praefectum
2055 1172 2418 1244 oasa-orum
2455 1169 2575 1253 ira,

213 1281 409 1343 quem
465 1261 805 1344 dereptum
859 1260 1158 1328 vehiculo
1212 1259 1488 1325 sarcinis
1543 1262 1823 1344 gravant
1876 1260 2205 1344 aguntque
2248 1257 2460 1342 primo
2505 1257 2574 1322 in

209 1349 497 1434 agmine,
539 1370 659 1432 per
701 1348 1056 1414 ludibrium
1091 1348 1455 1434 rogitantes
1502 1369 1588 1413 an
1629 1351 1768 1413 tam
1811 1348 2135 1412 immensa
2169 1367 2389 1432 onera,
2432 1349 2571 1412 tam

207 1438 419 1524 longa
472 1438 710 1502 itinera
764 1436 1048 1503 libenter
1101 1438 1318 1503 ferret.

1408 1436 1652 1523 quippe
1695 1435 1906 1500 Rufus
1962 1436 2072 1500 diu
2127 1436 2572 1520 manipularis,

204 1526 365 1592 dein
404 1528 715 1609 centurio,
750 1547 904 1592 mox
940 1526 1173 1592 castris
1207 1526 1596 1611 praefectus,
1634 1526 1970 1611 antiquam
2008 1525 2363 1609 duramque
2398 1525 2569 1590 mili-
2610 1541 2681 1591 10

202 1616 377 1680 tiam
428 1617 808 1699 revocabat,
864 1618 1052 1680 vetus
1107 1616 1324 1701 operis
1382 1637 1458 1681 ac
1513 1615 1763 1682 laboris
1807 1619 1876 1680 et
1922 1636 1997 1679 eo
2043 1614 2362 1699 inmitior,
2417 1613 2572 1701 quia

201 1705 621 1769 toleraverat.

1886 1729 1916 1744 fl
1947 1739 1950 1746 ι

392 1792 648 1864 Horum
686 1793 968 1859 adventu
1013 1794 1499 1880 redintegratur
1545 1792 1800 1877 seditio,
1847 1796 1914 1858 et
1955 1793 2113 1879 vagi
2159 1792 2571 1858 circumiecta
2589 1794 2673 1858 21

203 1882 718 1967 populabantur.
809 1882 1085 1949 Blaesus
1146 1903 1386 1968 paucos
1402 1932 1419 1966 ,
1479 1881 1761 1947 maxime
1819 1881 2061 1967 praeda
2118 1884 2392 1947 onustos
2406 1931 2424 1964 ,
2453 1913 2458 1918 ·
2489 1881 2571 1945 ad

201 1975 529 2037 terrorem
566 1977 926 2037 ceterorum
967 1971 1156 2037 adfici
1190 1970 1591 2054 verberibus,
1627 1971 1841 2035 claudi
1878 1991 2131 2036 carcere
2167 1970 2372 2038 iubet:
2417 1990 2572 2035 nam

201 2061 411 2126 eldam
467 2065 608 2126 tum
662 2061 885 2145 legato
939 2082 980 2124 a
1036 2060 1520 2126 centurionibus
1567 2063 1632 2124 et
1678 2060 1925 2143 optimo
1970 2080 2223 2144 quoque
2271 2059 2567 2143 manipu-

201 2149 445 2214 larium
492 2150 860 2232 parebatur.
931 2149 1032 2214 illi
1069 2150 1278 2215 obniti
1315 2149 1749 2227 trahentibus,
1794 2167 2099 2232 prensare
2147 2148 2566 2213 circumstan-
2606 2164 2642 2213 5

199 2240 374 2303 tium·
423 2257 663 2324 genua,
710 2239 876 2303 ciere
921 2239 1119 2303 modo
1163 2238 1434 2304 nomina
1479 2238 1913 2322 singulorum,
1960 2237 2173 2302 modo·
2202 2237 2568 2302 centuriam

202 2328 489 2414 quisque
549 2327 728 2393 cuins
789 2328 1217 2412 manipularis
1275 2331 1445 2408 erat,
1505 2327 1868 2411 cohortem,
1929 2328 2285 2413 legionem,
2344 2326 2569 2392 eadem

200 2418 517 2481 omnibus
570 2417 921 2482 inminere
945 2417 1376 2482 clamitantes.
1467 2417 1663 2482 simul
1724 2417 1965 2501 probra
2011 2418 2096 2480 in·
2127 2416 2419 2500 legatum
2466 2435 2571 2479 cu-

196 2507 495 2588 mulant,
543 2505 793 2570 caelum
838 2527 915 2571 ac
961 2506 1117 2571 deos
1164 2507 1607 2589 obtestantur,
1651 2505 1818 2569 nihil
1863 2505 2095 2590 reliqui
2140 2504 2392 2569 faciunt
2437 2524 2565 2588 quo

196 2596 424 2659 minus
491 2594 809 2670 invidiam
874 2594 1387 2660 misericordiam
1451 2597 1696 2661 metum
1762 2596 1829 2659 et
1890 2595 2025 2659 iras
2097 2594 2567 2677 permoverent.
2607 2609 2676 2658 10

198 2683 575 2751 adcurritur
641 2684 752 2749 ab
789 2683 1108 2749 universis
1166 2689 1252 2749 et
1324 2704 1575 2749 carcere
1648 2683 1914 2748 effracto
1981 2682 2244 2747 solvunt
2306 2681 2570 2749 vincula

212 2773 713 2858 desertoresque
760 2794 834 2838 ac
881 2795 1095 2838 rerum
1141 2773 1520 2857 capitalium
1567 2773 1909 2837 damnatos
1954 2771 2083 2836 sibi
2115 2770 2241 2836 iam
2277 2770 2570 2836 miscent.

275 2953 305 3002 1
318 2953 369 3002 1.
388 2948 507 3002 Der
517 2946 761 3018 jfingere
777 2946 975 3002 Blaene
991 2946 1129 3002 faut
1146 2949 1339 3016 spater

197 3018 263 3144 ivn
289 3019 581 3143 lUngnade
607 3019 723 3075 und
749 3021 899 3076 totet
924 3018 1045 3073 sich
1070 3019 1152 3073 im
1178 3017 1230 3075 J.
1250 3024 1337 3075 36.

250 3110 288 3161 g
319 3133 332 3145 .
367 3096 416 3158 6,
446 3097 531 3145 40.
1122 3122 1135 3139 ..

281 3168 373 3218 12.
411 3161 484 3216 ab
519 3162 763 3217 sedecim.
829 3160 934 3216 Die
969 3161 1199 3230 Prapos.
1237 3161 1339 3216 be-

204 3232 473 3288 zeichnet
509 3233 613 3287 den
644 3231 886 3298 Termin‚
923 3248 1035 3286 von
1061 3232 1336 3286 welchem

209 3303 282 3357 ab
321 3303 634 3373 gerechnet
667 3302 893 3358 werden
930 3303 1057 3358 soll.

273 3381 364 3429 13.
393 3376 776 3444 provenissent
812 3400 881 3421 ==--
910 3392 1037 3444 pros
1081 3390 1175 3429 ere
1214 3390 1334 3429 suc-

200 3447 524 3501 cessissent.
600 3446 674 3501 So
712 3445 859 3501 oster
896 3445 989 3499 bei
1143 3485 1154 3497 .

274 3517 380 3573 20.
423 3522 471 3572 1.
508 3516 863 3586 Nauportum
876 3558 890 3585 ,
926 3515 1338 3572 Handelsstadt

201 3589 322 3642 und
344 3587 728 3658 Waffenplatz
754 3588 815 3643 in
846 3587 1335 3658 Oberpannonien‚

198 3656 464 3714 vestlich
503 3676 612 3714 von
648 3658 912 3714 Laibach.

269 3735 325 3785 2.
387 3746 522 3784 usus
579 3729 966 3800 „Bedfirfnis“
1022 3730 1169 3785 auch
1235 3730 1332 3785 'oei

202 3799 568 3856 Klassikern.v
1103 3824 1106 3828 “

273 3876 325 3927 4.
373 3873 672 3942 municipii
716 3874 899 3928 instar
906 3894 928 3942 ;
975 3871 1095 3928 also
1134 3874 1329 3927 wolm-

205 3943 305 3996 ten
342 3943 473 3998 dort
506 3944 788 3999 romische
823 3942 1052 4014 Bur-ger.
1118 3943 1230 3998 Um
1266 3959 1329 3999 so

204 4012 633 4135 guafwfimiger
684 4012 966 4070 erscheint
1018 4014 1110 4069 die
1161 4014 1329 4069 Plun-

244 4099 435 4154 erung.
780 4108 781 4115 ¹

279 4158 310 4208 ’1
315 4196 328 4209 .
377 4156 627 4212 vehiculo
661 4155 817 4212 kann
852 4156 1024 4213 Dativ
1060 4157 1178 4212 und
1214 4156 1327 4212 Ab·

207 4222 349 4281 lativ
384 4227 522 4283 sein.
1157 4249 1160 4253 ⁴

1448 2946 1736 3074 3¹⁶er
1745 2947 1883 3054 in“)
1908 2946 2017 3071 rrnit
2043 2947 2172 3072 ἀΐω
2190 2944 2570 3071 ἃρηοήἰέζὶξιειὺ

1444 3023 1654 3159 Lgx‘i'gg
1712 3032 2219 3160 §dieggeuroflahi‘uffg
2235 3033 2439 3142 ῃξατι
2461 3032 2569 3142 1ἓέιῖ

1446 3160 1611 3216 einen
1653 3160 2135 3231 Lagerprafekten
2187 3157 2564 3214 merlarnlioh.

1516 3248 1615 3306 21.
1654 3257 1702 3305 6.
1742 3251 1881 3305 ciere
1913 3250 1975 3304 in
2010 3248 2197 3303 dieser
2231 3246 2567 3318 Bedeutung

1443 3322 1593 3380 noch
1653 3320 1815 3376 nicht
1865 3322 1929 3376 in
1984 3319 2324 3376 klassischer
2378 3318 2563 3389 Prusa,

1445 3391 1592 3447 doch
1631 3391 1803 3448 sehon
1839 3392 1934 3447 bei
1967 3388 2178 3447 Livius.

1444 3485 1566 3606 {ze-8.
1585 3480 1886 3605 heumulare
1921 3482 1986 3539 in
2021 3481 2256 3551 aliquem
2290 3479 2366 3535 ist
2402 3478 2562 3535 Taci-

1503 3568 1585 3607 1sc
1629 3593 1642 3606 .

1433 3686 1436 3692 .
1517 3644 1567 3694 9.
1614 3656 1719 3710 quo
1753 3642 1939 3696 minus
1975 3616 2119 3696 statt
2152 3642 2317 3726 quin,
2364 3641 2471 3726 wie
2510 3646 2561 3711 5,

1440 3716 1489 3765 5.
1542 3716 1634 3779 13,
1676 3717 1744 3765 14
1784 3728 1958 3782 neque
1994 3713 2278 3783 principes
2326 3714 2560 3770 ambus

1436 3783 1710 3841 abstinere
1751 3798 1859 3853 quo
1902 3785 2087 3840 minus
2131 3788 2424 3841 testaretur
2466 3790 2557 3841 ott.

1442 3858 1528 3920 14,
1566 3858 1634 3908 39
1671 3871 1770 3911 mc
1807 3855 1987 3922 defuit
2020 3871 2127 3925 quo
2161 3856 2347 3911 minus
2378 3884 2441 3896 --
2470 3857 2559 3910 in-

1437 3925 1658 4050 gedfret.
1703 3926 1834 3981 hist.
1861 3931 1913 3994 2,
1941 3931 2028 3982 45.
2057 3931 2144 3981 40.
2189 3924 2325 3997 Agr.
2354 3931 2440 3980 20.
2470 3932 2557 3981 27.

1476 3995 1533 4050 ia
1557 4035 1570 4050 .
1600 4001 1684 4052 34.

1512 4089 1595 4139 10.
1641 4100 1952 4156 permovere
1993 4085 2103 4140 mit
2152 4086 2281 4141 dem
2317 4054 2555 4141 Accusa-

1436 4155 1521 4210 tiv
1566 4155 1665 4211 des
1712 4156 1819 4211 den
1862 4155 2056 4212 Affekt
2101 4154 2556 4212 bezeichnenden

1437 4225 1663 4281 Wortes
1707 4229 1823 4280 erst
1869 4225 1963 4281 bei
2008 4224 2139 4282 Tac.
2180 4226 2294 4280 und
2333 4225 2558 4292 Quinti-

281 4302 361 4367 11„
407 4304 562 4354 vetus
609 4296 957 4367 „erfahren“
996 4298 1325 4371 (ei‘gentlich
1433 4296 1569 4352 lian.
1633 4296 1760 4366 Vgl.
1790 4303 1843 4363 3,
1870 4301 1955 4351 23.
