2867 4625
317 68 445 134 176

931 114 943 126 .
962 68 1308 124 CORNELII
1344 67 1592 124 TACITI
1627 67 2018 123 ANNALIUM

316 231 842 317 inpenetrabiles,
916 231 1325 318 augebantur
1369 253 1482 296 eae
1529 231 1753 316 copiae
1796 230 2159 296 vicinarum
2204 229 2548 295 civitatum
2594 232 2672 295 ut

319 321 608 386 nundum
668 325 893 406 aperta
949 321 1393 399 consensione,
1449 320 1545 385 ita
1603 320 1849 385 viritim
1904 319 2222 403 promptis
2283 318 2544 403 studiis,
2605 321 2673 383 et

319 414 668 474 certamine
715 409 948 475 ducum
986 408 1448 492 Romanorum,
1495 430 1656 493 quos
1693 409 1866 474 inter
1903 407 2358 493 ambigebatur
2392 411 2671 493 utroque

319 502 560 562 bellum
624 498 747 563 sibi
807 501 1131 582 poscente.
1222 519 1374 563 mox
1434 496 1647 564 Varro
1708 496 2035 562 invalidus
2102 500 2361 562 senecta
2420 497 2674 582 vigenti

211 606 299 738 ᾗ
323 586 484 650 Silio
536 588 868 652 cencessit.

500 678 592 738 At
636 674 881 742 Romae
934 697 1067 740 non
1115 674 1429 740 Treveros
1486 674 1678 740 modo
1735 677 1802 739 et
1848 672 2143 758 Aeduos,
2197 672 2314 738 sed
2361 676 2674 758 quattuor

323 770 388 830 et
428 766 762 846 sexaginta
800 763 1159 830 Galliarum
1200 764 1498 829 civitates
1534 764 1908 845 descivisse,
1946 763 2326 846 adsumptos
2362 762 2434 826 in
2472 762 2673 827 socie·

319 858 520 918 tatem
584 854 963 936 Germanos,
1022 853 1252 919 dubias
1312 851 1695 937 Hispanias,
1759 855 2024 935 cuncta,
2092 854 2165 916 ut
2229 872 2370 915 mos
2437 850 2673 936 famae,

319 946 384 1006 iu
428 946 632 1006 maius
672 942 933 1007 credita.
998 945 1303 1025 optumus
1343 943 1614 1026 quisque
1650 941 1748 1006 rei
1787 940 2091 1025 publicae
2128 961 2282 1005 cura
2317 938 2674 1024 maerebat,

251 1046 279 1094 5
319 1034 508 1094 multi
572 1030 716 1096 udio
771 1030 1213 1116 praesentium
1269 1033 1335 1095 et
1388 1029 1690 1115 cupidine
1758 1029 2144 1094 mutationis
2210 1028 2344 1094 suis
2411 1049 2671 1114 quoque

323 1122 628 1202 periculis
676 1120 1089 1185 laetabantur
1140 1118 1693 1203 increpabantque
1738 1117 2098 1201 Tiberium,
2151 1117 2324 1204 quod
2367 1117 2439 1182 in
2483 1121 2672 1182 tanto

323 1230 532 1270 rurum
576 1211 750 1274 metu
787 1208 1031 1272 libellis
1069 1211 1520 1274 accusatorum
1568 1208 1924 1272 insumeret
1968 1228 2251 1291 operam.
2324 1228 2408 1271 an
2445 1202 2674 1271 Sacro·

324 1298 532 1362 virum
584 1296 944 1362 maiestatis
992 1295 1259 1362 crimine
1305 1318 1488 1361 reum
1533 1297 1601 1361 in
1650 1300 1877 1361 senatu
1923 1295 2114 1361 fore?
2161 1295 2488 1361 exstitisse
2535 1299 2676 1360 tan-

327 1386 464 1450 dem
520 1390 720 1467 virus,
764 1386 876 1472 qui
921 1388 1224 1452 cruentas
1270 1385 1586 1471 epistulas
1633 1385 1831 1450 armis
1879 1383 2272 1450 cohiberent.
2363 1383 2676 1449 miseram

223 1494 287 1538 m
331 1498 556 1558 panum
608 1475 707 1539 vel
753 1475 928 1540 bello
974 1475 1137 1539 bene
1186 1475 1445 1540 mutari.
1520 1478 1710 1539 tanto
1757 1474 2094 1558 inpensius
2140 1474 2207 1538 in
2255 1474 2677 1538 securitatem

331 1566 735 1646 scupusitus,
792 1585 1000 1648 neque
1055 1564 1200 1628 loco
1255 1584 1462 1648 neque
1516 1563 1701 1628 vultu
1756 1565 2036 1646 mutato,
2096 1562 2208 1627 sed
2266 1565 2342 1626 ut
2401 1562 2672 1626 solitum

319 1674 436 1734 pur
496 1654 648 1714 illus
709 1652 845 1716 dies
905 1653 1068 1736 egit,
1132 1651 1476 1717 altitudine
1538 1651 1765 1736 animi,
1829 1673 1915 1718 an
1972 1653 2353 1735 conpererat
2411 1650 2673 1716 modica

323 1765 460 1802 usse
512 1746 572 1802 et
620 1740 905 1826 vulgatis
951 1740 1213 1807 leviora.

504 1829 773 1894 Interim
812 1827 1008 1894 Silius
1055 1850 1201 1894 cum
1246 1828 1614 1916 legionibus
1653 1828 1902 1894 duabus
1941 1828 2265 1912 incedens,
2309 1828 2676 1914 praemissa

327 1918 624 1982 auxiliari
672 1940 866 1983 manu
912 1921 1131 1983 vastat
1177 1916 1621 2003 Sequanorum
1667 1937 1873 2002 pagos
1885 1968 1902 2001 ,
1956 1917 2067 2004 qui
2120 1917 2346 1982 finium
2394 1917 2675 1982 extremi

323 2014 388 2070 ef..
436 2006 672 2070 Aeduis
719 2008 1107 2073 contermini
1156 2007 1441 2092 sociique
1486 2005 1554 2070 in
1601 2007 1800 2071 armis
1849 2010 2050 2071 erant.
2140 2028 2292 2070 mox
2337 2005 2675 2091 Augusto·-

323 2096 560 2158 dunum
620 2097 785 2178 petit
838 2117 1115 2181 propero
1174 2096 1466 2180 agmine,
1522 2093 1922 2161 certantibus
1978 2095 2150 2160 inter
2205 2117 2273 2159 se
2321 2094 2675 2180 signiferiS,

255 2202 286 2246 [a
327 2186 636 2250 fremente
683 2185 879 2249 etiam
926 2185 1226 2271 gregario
1273 2184 1502 2268 milite,
1546 2205 1627 2248 ne
1675 2188 1926 2249 suetam
1973 2185 2281 2268 requiem,
2325 2205 2407 2248 ne
2453 2184 2676 2269 spatia

327 2274 616 2338 noctium
664 2273 1090 2359 opperiretur:
1147 2273 1443 2340 viderent
1495 2271 1689 2340 modo
1735 2273 2042 2340 adversos
2088 2276 2154 2339 et
2201 2272 2670 2358 aspicerentur3

323 2366 384 2426 id
456 2366 612 2426 satis
680 2363 760 2429 ad
822 2363 1183 2428 victoriam.
1273 2362 1723 2428 duodecimum
1790 2362 1961 2446 apud
2023 2360 2304 2447 lapidem
2370 2360 2676 2428 Sacrovir

323 2454 672 2535 copiaeque
706 2452 1079 2536 patentibus
1117 2452 1277 2517 locis
1315 2473 1686 2537 apparuere.
1751 2452 1820 2516 in
1857 2451 2075 2517 fronte
2113 2455 2434 2517 statuerat
2468 2450 2671 2516 ferra·

323 2547 452 2623 tue,
512 2543 576 2603 in
636 2541 935 2607 cornibus
991 2540 1319 2624 cohortes,
1367 2563 1405 2605 a
1451 2544 1636 2627 tergo
1683 2561 2052 2607 semermos.
2141 2541 2281 2625 ipse
2325 2540 2496 2604 inter
2539 2542 2672 2624 pri-

323 2823 536 2875 mitur-eu
596 2819 808 2875 Plinius
858 2821 975 2875 und
1026 2821 1217 2876 Silius.
1291 2821 1445 2876 Aber

327 2891 572 2943 diuselba
624 2890 1033 2947 Eonstruktion
1082 2891 1178 2947 bei
1221 2893 1443 2962 inpene-

327 2967 544 3015 ἑνικῇ-ἐπίῃ
584 2963 660 3015 ist
691 2962 904 3018 wieder
939 2956 1039 3017 ἅπ.
1078 2957 1179 3031 εῑρῖ

412 3059 492 3104 1⁴2.
556 3051 760 3105 viritim
816 3051 958 3105 statt
1003 3051 1294 3120 privatim.
1369 3050 1444 3107 So

327 3123 532 3175 hereits
587 3123 660 3175 im
697 3120 761 3176 B.
790 3119 1090 3177 Alexandr.
1120 3127 1188 3176 65
1225 3128 1276 3177 et
1309 3122 1443 3177 viri-

327 3195 424 3243 ism-
464 3199 508 3246 ις’-’ὲ
544 3194 761 3259 publice
796 3193 912 3246 und
948 3193 1041 3248 bei
1076 3192 1343 3263 Vellejus.

404 3279 484 3327 111.
536 3272 702 3325 iuuat.
739 3288 849 3326 sen.
888 3273 1035 3327 nach
1069 3272 1189 3328 LiV.
1228 3280 1277 3341 6,
1318 3279 1369 3342 8,
1408 3279 1442 3328 2

327 3351 540 3395 Senectu-
580 3343 876 3397 inualidus.

400 3431 496 3483 44.
536 3439 580 3483 Ξ.
624 3431 737 3486 Das
773 3432 1102 3501 regierende
1140 3431 1291 3488 Verb
1328 3449 1443 3488 cre-

327 3503 504 3555 ditum-
552 3507 624 3555 [ΞΕ
672 3501 811 3573 liegt
855 3503 917 3558 in
963 3503 1091 3559 dem
1138 3502 1444 3574 folgenden

327 3575 552 3627 credita.

400 3659 448 3703 4.
496 3655 556 3707 in
604 3654 783 3708 maius
827 3655 1051 3712 credita.
1125 3655 1255 3724 Vgl.
1286 3660 1344 3724 3,
1376 3659 1441 3708 12

327 3727 388 3775 iu
448 3731 628 3779 userius
682 3726 924 3793 vulqare.
996 3732 1057 3791 4,
1106 3732 1175 3780 23
1233 3726 1441 3781 audiri.

331 3795 460 3847 hist.
496 3803 540 3859 1,
579 3799 640 3851 13
672 3798 987 3853 crederetur.
1039 3798 1093 3853 S.
1122 3795 1272 3853 Einl.
1305 3802 1353 3863 §-
1373 3801 1443 3851 49

329 3883 412 3919 em
460 3867 632 3919 Euda.

404 3953 448 3997 7-
516 3947 688 4000 mmm
738 3952 1117 4003 accusatorum
1171 3947 1299 4002 sind
1348 3946 1441 4002 die

327 4019 620 4139 {inp-gabea
676 4016 773 4073 der
828 4018 1130 4074 Delatoren
1193 4035 1266 4073 an
1331 4019 1441 4073 den

346 4107 348 4110 ’
384 4107 544 4143 infler.

400 4175 448 4219 ξι.
488 4175 741 4224 &nimiae
775 4169 1041 4238 epistulae
1078 4168 1169 4223 die
1206 4168 1440 4224 Befehle

331 4239 424 4291 des
464 4239 711 4311 Ean-aera,
759 4241 934 4296 durch
980 4239 1194 4297 welche
1233 4257 1292 4296 er
1328 4240 1439 4295 den

219 2645 287 2691 1⁴]
327 2655 536 2695 mures
588 2651 750 2715 equo
796 2629 1039 2714 insigni
1086 2630 1291 2713 adire,
1336 2650 1694 2695 memorare
1738 2632 1990 2695 veteres
2039 2627 2376 2694 Gallorum
2422 2629 2670 2715 glorias

1551 2820 1725 2875 Senat
1760 2838 1856 2875 zur
1890 2818 2219 2891 Einleitung
2265 2819 2365 2875 der
2399 2819 2666 2876 Prozesse

1551 2892 1875 2947 auffordert.

1626 2969 1708 3016 12.
1774 2962 2011 3018 altitudo
2065 2961 2670 3031 „Versohlossenheiw

1553 3033 1657 3088 wie
1692 3032 1826 3088 hist.
1865 3038 1916 3103 4,
1954 3038 2023 3089 86
2059 3036 2124 3088 in
2158 3035 2507 3088 altitudinem
2541 3050 2670 3089 con-

1551 3106 1717 3160 ditus.
1767 3104 1904 3159 Sall.
1927 3105 2059 3174 Jug.
2091 3110 2158 3160 95
2187 3110 2315 3173 sagt
2341 3122 2451 3159 von
2481 3104 2666 3159 Sulla=

1552 3176 1628 3231 ad
1671 3176 1990 3231 simuloemla
2032 3178 2252 3246 περσεία
2295 3177 2533 3232 altitudo
2576 3178 2668 3230 iu-

1549 3247 2159 3384 “ffim
2211 3247 2450 3388 aas,
2465 3247 2670 3384 23⁶2ss

1626 3394 1708 3444 13.
1745 3375 1897 3443 Uber
1915 3388 2024 3443 den
2041 3389 2392 3458 Hexameter,
2413 3388 2671 3445 welchen

1550 3476 1683 3513 man
1709 3458 1770 3513 in
1797 3460 1896 3514 der
1921 3460 2130 3515 letzten
2157 3459 2306 3516 Zeile
2336 3460 2671 3532 ausgespfirt

1551 3532 1666 3593 hat,
1706 3547 1748 3584 s.
1779 3548 1849 3585 zu
1889 3536 1936 3598 1,
1968 3537 2016 3586 1.

1620 3600 1718 3658 45.
1772 3608 1820 3657 2.
1868 3602 2263 3671 Sequanorum.
2336 3601 2527 3656 Durch
2567 3601 2670 3658 das

1553 3670 1756 3728 Gebiet
1778 3672 2089 3740 derselben,
2108 3672 2508 3728 nordwestlich
2536 3689 2671 3728 vom

1549 3743 1919 3813 Juragebirge
1934 3787 1948 3813 ,
1995 3744 2199 3799 mufste
2238 3742 2408 3798 Silius
2455 3743 2669 3813 ziehen,

1551 3814 1739 3940 (18Πῇ
1778 3831 1905 3869 vom
1951 3814 2136 3870 Rhein
2182 3831 2250 3870 zu
2296 3815 2406 3869 den
2440 3802 2670 3870 Kduern

1549 3902 1636 3940 wo
1745 3928 1756 3939 .

1631 3960 1682 4010 8.
1752 3956 1952 4023 ferrati
2014 3957 2151 4026 „die
2213 3955 2669 4028 Gepanzertenu,

1548 4028 1706 4081 sonst
1741 4027 2028 4098 Adjektiv.
2101 4026 2176 4083 Es
2214 4028 2343 4082 sind
2376 4027 2668 4084 dieselben

1546 4098 1816 4222 {effeinffi
1881 4098 1973 4154 die
2037 4116 2122 4169 cp.
2169 4105 2240 4155 43
2302 4100 2671 4170 cruppellarii

1589 4185 1619 4223 e
1664 4184 1778 4224 sen.

1629 4246 1712 4295 10.
1768 4242 1881 4296 Der
1933 4240 2127 4297 PluraI
2180 4242 2390 4312 qloriae
2445 4244 2540 4314 (ε-
2575 4259 2670 4299 res
