2867 4625
1021 111 1239 169 LIBER
1274 113 1315 170 Ι.
1393 114 1548 169 GAP.
1587 120 1814 173 *eo—⁷2.
2505 118 2590 184 87

236 277 577 342 subtracto
627 276 767 341 solo
816 275 1071 341 disiecti
1118 278 1232 341 aut
1278 276 1515 342 obruti.
1587 299 1722 342 non
1758 299 1886 344 vox
1922 282 1990 342 et
2033 279 2244 344 mutui
2287 280 2591 347 hortatus

231 366 549 431 iuvabant
614 364 1001 430 adversante
1056 365 1256 448 unda3
1310 365 1478 430 nihil
1525 370 1827 432 strenuus
1876 367 1958 432 ab
2005 367 2267 453 ignavO,
2329 371 2589 455 sapiens

232 455 316 518 ab
361 452 769 539 inprudenti,
824 453 1099 518 consilia
1154 476 1194 517 a
1248 475 1404 518 casu
1459 454 1741 520 differre:
1803 459 2036 521 cuncta
2089 457 2233 540 pari
2280 458 2590 524 violentia

229 543 752 608 involvebantur.
808 543 1072 607 tandem
1099 541 1404 608 Vitellius
1441 543 1510 607 in
1547 543 1824 610 editiora
1853 545 2069 610 enisus
2098 546 2325 611 eodem
2354 569 2591 633 agmen
2629 562 2697 614 16

233 631 561 697 subduxit.
634 634 1101 715 pernoctavere
1139 630 1278 695 sine
1315 631 1726 717 utensilibus,
1772 632 1912 698 sine
1948 634 2107 718 igni,
2153 656 2397 720 magna
2432 658 2587 721 pars

226 720 404 785 nudo
454 723 572 784 aut
607 719 892 785 mulcato
940 741 1240 803 corpore,
1284 719 1460 784 haud
1498 721 1710 786 minus
1747 721 2153 788 miserabiles
2192 745 2386 808 quam
2425 747 2588 810 quos

227 808 444 874 hostis
502 809 941 891 circumsidet3
1009 809 1246 893 quippe
1300 808 1434 873 illic
1493 810 1693 874 etiam
1750 810 2071 875 honestae
2128 814 2356 878 mortis
2412 836 2588 899 usus,

227 897 334 962 his
398 897 758 982 inglorium
824 896 1111 963 exitium.
1201 897 1312 961 lux
1369 896 1653 963 reddidit
1712 901 1982 984 terram,
2046 905 2585 986 penetratumque

227 986 312 1050 ad
354 1007 612 1050 amnem
654 985 1023 1071 [Visurgin]
1065 1007 1194 1070 quo
1234 983 1476 1051 Caesar
1511 987 1720 1052 classe
1757 988 2197 1055 contenderat.
2260 991 2585 1074 inpositae
2623 1006 2693 1057 20

227 1074 383 1138 dein
420 1075 734 1158 legiones,
769 1078 1053 1160 vagante
1090 1074 1267 1138 fama
1304 1076 1704 1160 submersas3
1748 1097 1867 1141 nec
1903 1076 2060 1142 fides
2109 1077 2359 1163 salutis,
2406 1082 2586 1144 ante-

226 1185 427 1246 quam
476 1161 821 1228 ansarem
869 1163 1350 1248 exercitumque
1395 1163 1695 1229 reducem
1742 1165 1977 1230 videre.

405 1250 550 1315 Iam
587 1250 955 1335 Stertinius,
1001 1251 1084 1316 ad
1132 1252 1578 1336 accipiendum
1623 1253 1692 1317 in
1739 1253 2133 1319 deditionem
2181 1253 2586 1340 Segimerum
2609 1257 2690 1321 71

234 1341 511 1405 fratrem
551 1337 838 1426 Segestis
883 1341 1301 1425 praemissus,
1345 1341 1560 1424 ipsum
1608 1346 1674 1406 et
1718 1341 1925 1406 filium
1971 1343 2110 1408 eius
2147 1343 2216 1408 in
2253 1343 2586 1409 civitatem

226 1428 553 1494 Ubiorum
616 1429 1026 1512 perduxerat.
1135 1429 1290 1493 data
1361 1430 1622 1513 utrique
1686 1431 1903 1515 venia,
1977 1431 2168 1497 facile
2235 1430 2586 1517 Segimero,

227 1517 642 1582 cunctantius
699 1518 863 1602 filio,
922 1518 1075 1602 quia
1123 1516 1421 1593 Quintilii
1459 1516 1620 1582 Vari
1665 1540 1901 1603 corpus
1965 1519 2267 1585 inlusisse
2334 1521 2586 1586 diceba·

227 1609 359 1670 tur.
435 1611 720 1671 ceterum
771 1606 854 1671 ad
901 1605 1262 1689 supplenda
1310 1607 1627 1672 exercitus
1675 1607 1913 1673 damna
1964 1611 2292 1674 certavere
2331 1607 2585 1674 Galliae
2623 1624 2656 1673 5

229 1694 591 1780 Hispaniae
635 1694 859 1780 Italia,
915 1695 1088 1779 quod
1144 1695 1375 1778 cuique
1421 1698 1822 1780 promptum,
1879 1718 2062 1762 arma
2108 1718 2307 1781 equos
2355 1719 2586 1763 aurum

227 1783 597 1849 offerentes.
674 1805 950 1867 quorum
996 1783 1262 1848 laudato
1310 1782 1526 1848 studio
1567 1783 2008 1870 Germanicus,
2055 1786 2253 1850 armis
2291 1787 2484 1852 modo
2520 1789 2586 1850 et

228 1872 414 1956 equis
457 1872 536 1937 ad
573 1872 816 1936 bellum
856 1872 1150 1957 sumptis,
1195 1872 1464 1956 propria
1499 1873 1775 1956 pecunia
1812 1873 2088 1938 militem
2124 1874 2305 1939 iuvit.
2382 1878 2583 1959 utque

226 1961 433 2026 eladis
495 1962 881 2026 memoriam
944 1961 1143 2024 etiam
1207 1961 1518 2026 comitate
1581 1962 1842 2045 leniret,
1906 1961 2240 2027 circumire
2306 1964 2583 2045 saucios,

218 2049 406 2115 facta
453 2050 857 2134 singulorum
904 2049 1241 2133 extollere,
1296 2049 1569 2115 vulnera
1622 2051 1881 2115 intuens
1928 2051 2134 2116 alium
2180 2073 2318 2135 spe,
2377 2052 2579 2117 alium
2622 2066 2689 2117 10

222 2138 467 2222 gloria,
523 2140 792 2203 cunctos
849 2138 1154 2220 adloquio
1217 2140 1283 2203 et
1338 2158 1492 2204 cura
1538 2138 1791 2223 sibique
1838 2142 1905 2203 et
1947 2140 2196 2223 proelio
2252 2140 2577 2204 firmabat.

402 2225 682 2291 Decreta
746 2248 822 2291 eo
890 2248 1060 2291 anno
1125 2226 1555 2310 triumphalia
1616 2227 1907 2314 insignia
1972 2228 2052 2298 A.
2098 2225 2441 2314 Caecinae,
2505 2226 2577 2293 L.
2600 2228 2685 2293 72

218 2315 540 2400 Aproni0,
587 2313 655 2381 G.
697 2314 859 2381 Silio
897 2316 981 2382 ob
1018 2337 1122 2381 res
1161 2336 1308 2381 311111
1346 2315 1733 2382 Germanico
1771 2321 2009 2401 gestas.
2084 2338 2323 2383 nomen
2368 2318 2576 2401 patris

219 2405 479 2489 patriae
517 2404 835 2489 TiberiuS,
872 2427 911 2469 a
945 2404 1186 2489 populo
1227 2406 1486 2490 saepius
1532 2406 1882 2490 ingestum,
1927 2406 2319 2490 repudiavit3
2365 2427 2575 2489 neque

1447 2601 1750 2685 ‘poetische
1767 2613 2139 2681 Verbindung
2158 2630 2261 2682 que
2286 2616 2337 2667 et
2364 2631 2406 2667 3.
2429 2612 2577 2667 Einl.

1459 2691 1506 2751 ξ.
1540 2686 1701 2753 65,11.
1741 2716 1809 2726 -
1846 2684 1913 2738 Ι11
1950 2684 2076 2739 (13111
2104 2682 2354 2738 Verbum
2390 2684 2578 2751 firma-

1459 2756 1554 2811 bat
1588 2755 1734 2825 liegt
1769 2755 1862 2810 ein
1900 2754 2170 2824 Zeugma:
2220 2771 2414 2810 eornm
2460 2754 2578 2809 ani-

304 2620 389 2670 12.
427 2616 708 2669 subtracto
741 2614 870 2669 solo.
935 2613 1001 2667 In
1039 2615 1213 2669 etwas
1253 2614 1349 2668 ab·

223 2684 587 2740 weichender
638 2684 974 2755 Bedeutung
1027 2687 1156 2754 sagt
1191 2683 1348 2754 Virg.

219 2755 365 2812 Aen.
387 2762 440 2824 5,
464 2762 565 2810 199
593 2756 1044 2825 subtrahiturque
1067 2756 1258 2810 solam.
1280 2786 1349 2795 —

224 2815 382 2883 Uber
417 2833 469 2882 et
502 2827 651 2882 nach
684 2842 801 2881 non
837 2844 879 2881 s.
908 2825 1056 2879 Einl.
1087 2832 1133 2892 ξ.
1165 2831 1249 2881 61.

298 2913 384 2962 15.
452 2908 591 2962 eniti
645 2906 789 2960 statt
842 2906 1121 2961 escendere
1175 2907 1352 2961 3311011

220 2978 319 3033 bei
348 2977 471 3033 033.
502 2978 557 3032 b.
586 2992 631 3030 c.
662 2982 714 3047 2,
744 2981 812 3030 34
839 2981 904 3031 at
938 2977 1005 3030 in
1040 2992 1348 3031 ascensu—

216 3066 336 3104 non
369 3049 540 3116 facile
573 3048 922 3103 eniterentur.

299 3134 383 3182 19.
425 3129 527 3182 lux
553 3126 694 3182 wird
722 3126 903 3181 selten
928 3126 1350 3196 personifiziert,

220 3197 372 3254 doch
409 3200 542 3267 sagt
576 3197 782 3251 bereits
821 3195 941 3254 Liv.
973 3203 1023 3265 9,
1053 3202 1123 3253 30
1158 3200 1352 3268 plenos

221 3270 489 3339 crapulae
525 3284 614 3324 eos
648 3269 748 3323 lux
784 3269 1068 3337 oppressit.

298 3354 386 3402 20.
438 3348 708 3418 Viswryin
741 3347 844 3417 ist,
882 3348 956 3402 da
993 3348 1093 3402 der
1127 3346 1351 3402 Mai-sch

223 3418 489 3475 westlich
508 3436 622 3473 von
639 3419 740 3473 der
755 3419 890 3473 Ems
910 3435 1012 3472 vor
1042 3417 1166 3472 sich
1192 3420 1347 3488 geht,

225 3490 518 3546 entweder
534 3492 804 3545 unechter
822 3488 1024 3543 Zusatz
1044 3489 1180 3543 oder
1209 3491 1351 3544 statt

223 3563 377 3618 eines
459 3560 704 3616 anderen
767 3559 1158 3614 Flussnamens
1221 3576 1350 3615 ver-

224 3632 541 3688 schrieben.
618 3631 878 3686 Gemeint
928 3631 1006 3685 ist
1052 3630 1204 3685 wohl
1260 3631 1350 3685 die

222 3703 422 3760 Hunse
455 3703 519 3757 in
554 3702 656 3759 der
690 3701 929 3757 Provinz
964 3700 1306 3770 Groningen.

296 3784 399 3839 71.
449 3790 501 3839 2.
551 3783 744 3851 filium.
802 3781 1004 3837 Strabo
1042 3782 1219 3834 neunt
1251 3779 1353 3836 ihn

220 3857 567 3914 Σεσύθακυς.

291 3932 346 3980 4.
412 3924 664 3979 inludere
717 3920 1068 3977 konstruiert
1120 3922 1352 3977 Tacitus

224 3995 447 4050 sowohl
494 3994 603 4048 mit
649 3995 849 4047 Aecus.
890 3992 976 4046 als
1020 3992 1128 4046 mit
1162 3991 1350 4062 Dativ,

220 4085 264 4120 3.
301 4065 369 4121 Β.
414 4071 498 4132 13,
538 4069 604 4118 17
642 4064 889 4118 Musam
930 4063 1037 4117 isse
1073 4065 1354 4132 pueritiae

223 4136 572 4191 Britannici.
610 4134 772 4188 Auch
793 4131 986 4189 Cicero
1016 4136 1163 4189 setzt
1187 4135 1352 4190 beide

221 4206 424 4262 Kasus.

296 4283 384 4332 11.
432 4276 644 4346 sibique
679 4279 731 4331 et
766 4277 998 4344 proelio.
1071 4261 1224 4330 Uber
1259 4275 1352 4331 die

1458 2843 1581 2881 mos
1618 2827 1727 2881 sibi
1763 2825 2103 2881 conciliabat
2130 2826 2190 2879 et
2216 2825 2290 2881 ad
2326 2841 2578 2894 pugnan-

1461 2897 1593 2952 dum
1650 2898 2034 2964 confirmabat.
2116 2895 2451 2951 Aufserdem
2505 2897 2581 2951 ist

1460 2969 1561 3022 der
1596 2965 1891 3023 Gebrauch
1938 2968 2036 3022 des
2072 2967 2273 3022 Dativs
2317 2966 2434 3021 und
2480 2966 2579 3021 des

1404 3052 1411 3055 ⁴
1460 3037 1632 3094 Verb.
1669 3039 1906 3108 simplex
1942 3058 2009 3092 311
2044 3039 2336 3094 beachten.

1535 3125 1629 3181 72.
1686 3132 1736 3180 2.
1782 3128 1970 3196 patris
2008 3127 2249 3196 patriae.
2313 3124 2423 3179 Mit
2463 3125 2580 3179 die·

1461 3214 1578 3251 sem
1607 3197 1999 3252 Ehrennamen
2027 3198 2205 3264 hatte,
2244 3195 2440 3252 soweit
2475 3212 2580 3250 uns

1459 3266 1711 3323 bekannt
1754 3267 1855 3333 ist,
1903 3267 2005 3322 das
2045 3267 2194 3321 Volk
2238 3269 2425 3322 zuerst
2469 3266 2582 3321 den

1461 3335 1656 3392 Cicero
1692 3337 1962 3407 begrfisst.

1533 3433 1582 3481 3.
1656 3427 1901 3497 inyerere
2013 3426 2151 3495 flegt
2222 3426 2381 3480 sonst
2453 3424 2579 3479 eine

1458 3496 1790 3566 feindselige
1842 3495 1970 3551 Η311
2009 3499 2145 3566 lung
2200 3513 2270 3550 zu
2321 3494 2579 3550 bezeich-

1458 3584 1596 3633 nen3
1635 3568 1771 3622 aber
1806 3567 2034 3623 3111111311
2070 3567 2148 3622 ist
2174 3574 2227 3635 2,
2257 3573 2324 3621 79
2362 3567 2576 3637 myni-

1458 3639 1705 3698 tudinem
1753 3639 2100 3707 imperatoris
2147 3639 2444 3695 identidem
2493 3639 2579 3722 in-

1445 3725 1647 3780 'yerens
1702 3711 1791 3779 (=
1835 3711 2317 3780 commemorans).
2383 3740 2452 3749 —
2515 3725 2580 3763 tn

1462 3785 1589 3835 acta
1634 3780 1874 3835 alicuius
1916 3782 2130 3849 iurare,
2181 3781 2280 3835 ein
2323 3778 2433 3833 Eid
2479 3780 2579 3834 der

1460 3850 1667 3919 Treue,
1728 3851 1837 3905 den
1885 3854 2070 3906 zuerst
2118 3851 2210 3906 die
2260 3849 2580 3905 Triumvirn

1460 3921 1540 3975 im
1594 3922 1643 3977 J.
1683 3926 1752 3976 42
1806 3921 1866 3976 in
1915 3922 2107 3992 Bezug
2157 3922 2258 3977 auf
2304 3921 2396 3976 die
2442 3920 2579 3975 Ver-

1461 3992 1790 4062 ordnungen
1827 3991 2029 4048 033313
2074 3992 2336 4062 geleistet
2379 3992 2579 4045 hatten

1460 4064 1576 4118 und
1604 4064 1714 4117 den
1743 4064 1842 4118 der
1871 4062 2045 4119 Sonat
2071 4064 2228 4118 sonst
2254 4061 2579 4132 alljahrlich

1460 4151 1553 4188 am
1593 4140 1641 4187 1.
1678 4135 1891 4189 Januar
1936 4135 2061 4189 dem
2100 4134 2299 4187 Kaiser
2340 4131 2577 4200 leistete,

1460 4221 1708 4293 genauer
1758 4204 2016 4259 definiert
2062 4220 2174 4260 von
2224 4202 2333 4257 Dio
2380 4209 2468 4288 47Ζ
2510 4209 2574 4258 18

1459 4293 1689 4345 ωμοσαν
1735 4304 1804 4315 —-
1853 4274 2059 4346 βέβαια
2111 4279 2330 4343 νομιεῖν
2385 4292 2579 4343 wavra
