2867 4625
930 95 1152 150 LIBER.
1186 96 1308 153 XII.
1356 94 1512 153 CAP.
1549 100 1780 152 40-43.
2451 95 2537 160 57

358 255 670 322 Nondum
706 259 927 322 tamen
965 279 1221 323 summa
1256 258 1473 324 moliri
1508 258 1879 344 Agrippina
1915 257 2214 342 audebat,
2249 258 2321 322 ni
2356 280 2538 342 prae·
2559 258 2651 323 42

175 345 499 410 toriarum
544 344 913 412 cohortium
959 368 1114 411 cura
1160 348 1645 414 exsolverentur
1680 346 1917 412 Lusius
1958 346 2125 412 Geta
2171 349 2239 412 et
2273 347 2539 412 Rufrius

177 429 551 519 Crispinus,
607 455 771 518 quos
814 433 1207 500 Messalinae
1254 457 1576 501 memores
1622 438 1689 500 et
1742 434 1965 502 liberis
2011 435 2149 501 eius
2206 435 2541 501 devinctos

175 521 500 588 credebat.
580 522 788 609 igitur
846 521 1124 589 distrahi
1188 522 1491 590 cohortes
1548 524 1797 590 ambitu
1852 523 2127 590 duorum
2184 527 2278 607 et,
2343 525 2399 589 si
2460 524 2541 590 ab

173 632 309 676 uno
345 615 766 696 regerentur,
780 611 1198 677 intentiorem
1234 612 1374 678 fore
1411 611 1828 698 disciplinam
1867 614 2287 678 adseverante
2323 634 2542 698 uxore,
2580 627 2615 677 5

172 699 576 765 transfertur
619 700 911 786 regimen
956 699 1318 766 cohortium
1365 701 1450 766 ad
1494 702 1779 767 Burrum
1824 700 2197 785 Afranium,
2243 702 2543 786 egregiae

171 787 486 854 militaris
514 788 746 872 famae,
783 808 1060 873 gnarum
1095 793 1315 854 tamen
1343 791 1524 856 cuius
1564 793 1798 875 sponte
1833 790 2307 875 praeficeretur.
2353 812 2543 855 suum

177 898 442 962 quoque
487 875 828 963 fastigium
872 877 1242 963 Agrippina
1287 879 1602 945 extollere
1648 879 1873 945 altius:
1928 881 2237 962 carpento
2284 875 2543 963 Capito-

175 966 348 1031 lium
393 964 672 1050 ingredi,
718 965 830 1049 qui
874 966 1085 1032 honos
1131 967 1577 1033 sacerdotibus
1624 971 1691 1033 et
1735 967 1933 1033 sacris
1981 967 2343 1051 antiquitus
2390 987 2542 1031 con-

172 1075 403 1120 cessus
448 1055 931 1119 venerationem
978 1055 1264 1140 augebat
1317 1055 1626 1138 feminae,
1680 1076 1874 1141 quam
1920 1055 2308 1138 imperatore
2363 1054 2543 1139 geni·
2584 1069 2655 1120 ιο

169 1146 335 1227 m,
373 1164 666 1208 sororem
694 1142 833 1208 eius
873 1144 987 1227 qui
1021 1164 1239 1209 rerum
1277 1144 1530 1228 potitus
1570 1144 1658 1209 sit
1694 1146 1761 1209 et
1797 1144 2138 1228 coniugem
2175 1146 2241 1208 et
2266 1145 2543 1208 matrem

171 1231 401 1316 fuisse,
446 1231 714 1301 unicum
761 1231 844 1296 ad
887 1231 1063 1298 hunc
1107 1233 1280 1298 diem
1329 1254 1558 1318 exemp
1558 1232 1695 1298 lum
1742 1236 1859 1297 est.
1930 1233 2101 1296 inter
2148 1252 2314 1315 quae
2359 1253 2544 1314 prae-

170 1320 2546 1495 Zfflssapffi'ssffnffifflffsuffitoesstutssssnffldffiffioffssffignffff

166 1498 447 1583 ripitur‚
501 1496 831 1564 deferente
874 1497 1066 1564 Iunio
1111 1497 1296 1584 Lupo
1354 1503 1674 1564 senatore.
1745 1499 1801 1564 is
1857 1499 2127 1564 crimina
2180 1498 2543 1563 maiestatis
2584 1511 2654 1562 15

171 1589 241 1651 et
289 1547 665 1670 cupidinem
707 1587 969 1672 imperii
1015 1587 1418 1691 obiectabat3
1469 1587 2004 1672 praebuissetque
2050 1608 2237 1652 aures
2285 1584 2546 1672 Caesar,

167 1675 306 1741 nisi
350 1673 762 1760 Agrippinae
809 1675 1004 1742 minis
1051 1676 1261 1780 magis
1310 1698 1508 1760 quam
1552 1675 1852 1761 precibus
1899 1678 2186 1742 mutatus
2234 1678 2426 1758 esset,
2470 1678 2548 1740 ut

171 1764 554 1830 accusatori
619 1785 789 1850 aqua
853 1767 1052 1850 atque
1124 1766 1264 1851 igni
1335 1763 1771 1831 interdiceret.
1860 1765 2174 1831 hactenus
2237 1763 2546 1830 Vitellius

165 1853 494 1919 voluerat.

356 1939 573 2006 Multa
625 1962 704 2006 eo
762 1963 936 2006 anno
990 1942 1292 2028 prodigia
1336 1964 1625 2009 evenere.
1716 1942 2036 2009 insessum
2092 1942 2251 2007 diris
2312 1942 2542 2008 avibus
2561 1941 2654 2008 43

165 2027 607 2114 Capitolium,
669 2030 914 2096 crebris
970 2034 1183 2096 terrae
1237 2033 1526 2098 motibus
1580 2036 1890 2117 prorutae
1944 2031 2205 2114 domus,
2260 2052 2338 2096 ac
2391 2031 2544 2095 dum

165 2118 381 2185 latius
437 2118 774 2205 metuitur,
836 2118 1269 2205 trepidatione
1323 2121 1503 2206 vulgi
1565 2121 1889 2186 invalidus
1954 2120 2224 2205 quisque
2291 2119 2544 2204 obtriti,

167 2330 282 2384 hat
329 2343 428 2395 ac,
472 2328 607 2384 aber
651 2330 765 2400 vgl.
805 2337 854 2398 3,
895 2336 966 2385 24
1011 2331 1308 2387 adulteros·

1420 2332 1504 2386 als
1569 2270 1845 2388 Ubermut
1908 2348 2039 2401 aus,
2109 2331 2388 2400 carpentis
2440 2346 2548 2399 per

165 2416 278 2471 quc
316 2415 512 2455 aarum
544 2405 714 2455 morte
750 2407 850 2456 aut
892 2402 1036 2471 fuya
1062 2403 1309 2470 punivit.
1416 2404 1606 2458 urbem
1631 2405 1853 2460 vectari.
1892 2402 2080 2458 Selbst
2111 2401 2220 2457 den
2247 2399 2547 2456 Gebrauch

171 2477 226 2540 6,
258 2477 295 2525 9
333 2475 403 2524 ut
427 2475 769 2527 accusatores
804 2473 972 2527 exilio
1008 2477 1108 2528 aut
1141 2478 1311 2528 morte

169 2542 573 2597 multarentur.
638 2572 708 2583 —
771 2542 878 2598 Die
939 2543 1309 2626 nunmehrige

170 2612 559 2682 Behandlung
624 2613 724 2667 des
785 2613 1142 2669 Britannicus
1213 2615 1308 2670 be·

1418 2473 1574 2529 einer
1627 2473 1823 2529 Sanfte
1879 2474 2204 2543 untersagte
2254 2470 2546 2527 Domitian

1417 2545 1530 2600 den
1556 2545 1845 2628 probrosis
1878 2544 2114 2612 feminis.

1491 2622 1540 2670 9.
1601 2616 1791 2671 samis.
1869 2612 2363 2670 Wahrscheinlich
2416 2612 2545 2667 sind

170 2683 441 2739 zeichnet
467 2682 575 2738 Dio
604 2688 691 2770 60,
720 2689 788 2738 82
818 2701 908 2740 so:
950 2680 1063 2740 κάκ
1100 2680 1308 2740 τούτου
1415 2686 1607 2741 kleine
1682 2685 2044 2741 Standbilder
2120 2685 2221 2740 der
2291 2682 2547 2740 Penaten

172 2754 528 2839 παραδοῦσα
563 2747 745 2809 adrev
784 2751 870 2817 οἷς
904 2750 1137 2825 ἤθελεν,
1182 2752 1314 2811 ἐκά-

172 2844 287 2880 κου
345 2843 483 2880 οσον
539 2819 799 2880 ἐδύνατο.
893 2826 993 2880 καὶ
1048 2797 1178 2881 οὔτε
1236 2828 1313 2913 τῶ

172 2895 357 2966 πατρὶ
411 2901 670 2950 συνεῖναι
724 2891 855 2951 οὔτε
914 2892 975 2959 ἐς
1018 2892 1083 2952 τὸ
1140 2898 1212 2965 δη
1215 2917 1314 2967 μο-

176 2985 309 3022 σιω·
348 2963 613 3054 προϊέναι
652 2968 773 3038 εἴα,
810 2960 937 3021 ἀλλ’
979 2962 1044 3022 ἐν
1083 2917 1312 3042 ἇδέσμῳ

174 3034 401 3109 τρόπον
434 3033 582 3091 τινὰ
602 3009 830 3111 φυλακῇ
871 3034 1043 3108 εἶχεν.

250 3176 351 3236 42.
392 3183 443 3232 2.
476 3167 624 3234 Uber
649 3177 795 3235 Geta
828 3179 945 3250 vgl.
987 3186 1071 3249 11,
1109 3186 1194 3236 31.
1226 3186 1313 3236 33.

257 3255 309 3304 3.
347 3237 503 3303 Uber
536 3248 823 3320 Crispinus
861 3268 902 3307 s.
941 3269 1009 3305 zu
1049 3257 1220 3320 11,1.

259 3326 310 3375 6.
357 3320 568 3375 Burrus
613 3322 769 3376 starb
818 3321 900 3375 im
942 3322 993 3377 J.
1034 3328 1130 3392 62,
1175 3322 1316 3377 viel-

180 3391 366 3446 leicht
409 3406 522 3446 von
561 3389 713 3447 Nero
757 3408 858 3446 ver
857 3390 1044 3461 gi.ftet
1104 3366 1188 3462 1’4,
1226 3398 1313 3450 51.

181 3468 291 3586 im⁷
297 3409 919 3602 silbernerimliliiitgiiimgl
896 3462 1160 3590 ἐξῃξξζ
1200 3466 1319 3591 ἓξὲξ

181 3602 243 3658 in
259 3603 376 3658 den
394 3601 680 3673 grosseren
697 3604 962 3661 Werken.
993 3604 1047 3662 S.
1068 3624 1138 3661 zu
1155 3612 1208 3676 2,
1228 3611 1314 3661 59.

257 3679 308 3728 8.
360 3690 427 3729 ca
629 3716 647 3741 ,
709 3648 1208 3732 wahrscheinlich
1230 3676 1315 3731 in-

182 3745 338 3816 folge
379 3745 530 3801 eines
570 3745 1139 3803 Senatsbeschlusses.
1205 3747 1314 3803 Dio

185 3821 273 3886 60,
311 3822 384 3872 88
437 3816 540 3870 καὶ
592 3817 669 3889 τῷ
715 3823 1035 3907 καρπεντίῳ
1083 3814 1147 3873 ἔν
1193 3825 1319 3882 ταῖς

182 3907 343 3957 nam]
380 3884 541 3958 ύρεσι
576 3871 826 3957 χρῆσθαι
851 3886 1008 3958 παρὰ
1045 3889 1147 3958 τῆς
1185 3891 1317 3963 βου·

182 3960 285 4027 λῆς
370 3961 562 4029 λαβεν.
637 3957 791 4014 Suet.
849 3959 1042 4016 Claud.
1103 3965 1187 4015 11.
1246 3992 1313 4002 -

181 4018 521 4099 Uberhaupt
545 4046 735 4086 waren
770 4030 863 4086 die
892 4029 1115 4085 Frauen
1150 4032 1317 4086 ruck-

182 4098 455 4155 sichtlich
484 4100 584 4154 der
608 4099 697 4169 Eq
657 4101 942 4184 quipagen
968 4100 1147 4157 durch
1173 4102 1318 4158 Sitte

181 4170 300 4226 und
319 4170 703 4226 Herkommen
722 4174 1175 4255 emgeschrankt,
1202 4174 1317 4228 und

183 4242 363 4298 sehon
415 4241 516 4296 der
553 4240 671 4297 alte
708 4239 848 4298 Cato
892 4243 1016 4316 legt
1051 4261 1112 4301 es
1145 4244 1319 4300 ihnen

1420 2757 1595 2812 Roms
1632 2755 1898 2826 gemeint.

1496 2833 1582 2883 10.
1626 2830 1968 2898 imperatore.
2030 2825 2159 2882 Wie
2222 2825 2315 2880 die
2380 2824 2547 2880 Stief·

1421 2900 1595 2953 sohne
1641 2899 1740 2954 des
1787 2899 2102 2968 Augustus,
2156 2896 2407 2952 namlich
2452 2895 2550 2950 Ti·

1419 2968 1611 3024 berius
1659 2968 1775 3024 und
1809 2968 2046 3035 Drusus,
2093 2984 2153 3023 so
2199 2968 2360 3023 hatte
2400 2967 2547 3022 auch

1422 3039 1788 3096 Germanicus
1807 3039 1913 3094 auf
1920 3038 2251 3094 Lebenszeit
2267 3038 2377 3093 den
2394 3037 2549 3092 Titel

1420 3112 1722 3180 imperator
1760 3111 2033 3166 erhalten.

1495 3186 1581 3236 11.
1618 3197 1852 3238 sororem
1888 3182 2024 3247 eius,
2061 3180 2158 3236 des
2195 3178 2472 3262 Caligula.

1498 3259 1580 3309 13.
1618 3253 1815 3308 Dieser
1860 3222 2129 3308 Vitellius
2171 3251 2377 3305 nimmt
2421 3249 2551 3306 eine

1420 3323 1685 3379 ahnliche
1722 3323 1985 3393 Stellung
2019 3321 2111 3377 ein
2160 3320 2267 3377 wie
2314 3319 2406 3376 die
2450 3321 2547 3376 be-

1421 3392 1754 3478 ruchtigten
1773 3393 2230 3475 Freigelassenen
2260 3392 2358 3447 des
2382 3391 2547 3447 Clau-

1423 3465 1574 3533 ‹hus3
1631 3480 1692 3519 er
1735 3464 1814 3520 ist
1860 3462 2238 3519 einflufsreich
2280 3463 2396 3517 und
2435 3479 2549 3517 von

1423 3536 1670 3591 ehrloser
1706 3534 2051 3605 Gesinnung.

1498 3611 1582 3663 18.
1618 3605 1925 3673 hactenus,
1927 3604 2203 3672 ,soweit“
2232 3603 2286 3660 d.
2313 3604 2370 3659 h.
2408 3621 2549 3673 ,ur,n

1424 3676 1601 3746 dies“,
1635 3677 1744 3732 wie
1784 3681 1867 3744 14,
1898 3681 1984 3734 51.
2026 3681 2112 3745 15,
2149 3681 2236 3731 60.
2273 3645 2423 3731 Plin]
2458 3691 2549 3743 ep.

1496 3885 2548 3955 43.1.dirisavibue,nsmliohssaub-

1424 3961 1619 4031 vogel,
1655 3961 1763 4016 wie
1798 3960 2020 4028 Raben,
2057 3959 2251 4027 Geier,
2287 3957 2488 4012 Eulen.

1498 4039 1549 4088 3.
1597 4003 1789 4088 obtriti
1830 4032 1976 4087 nach
2029 4032 2283 4101 quisque,
2336 4027 2445 4083 wie
2497 4034 2548 4097 1,

1424 4109 1498 4157 44
1543 4104 2011 4160 seditiosissimum
2049 4117 2307 4173 quemque
2339 4070 2551 4154 vincto}

1425 4175 1673 4229 trahwnt.
1738 4174 1870 4231 hist.
1908 4180 1960 4242 4,
1999 4180 2066 4229 25
2114 4175 2353 4243 optimus
2396 4172 2549 4241 quis—

1425 4262 1527 4315 que
1563 4246 1732 4302 iussis
1758 4262 2015 4317 paruere.
2064 4244 2118 4302 S.
2156 4244 2302 4301 Einl.
2340 4248 2387 4310 θ.
2422 4247 2505 4298 17.
