2867 4625
444 0 497 9 Ἴ---7

888 71 1109 128 LIBER
1134 72 1202 130 11.
1277 72 1431 130 CAP.
1472 77 1703 128 51—53.
2358 75 2484 139 127

187 236 468 321 stipendia
509 235 808 321 meritus,
868 256 1021 300 mox
1067 235 1382 320 desertor,
1428 256 1634 322 vagos
1690 236 1970 321 primum
2017 239 2084 302 et
2128 237 2485 303 latrociniis

189 331 367 391 suetos
418 325 497 390 ad
549 323 857 409 praedam
914 328 981 389 et
1032 329 1261 408 raptus
1308 345 1733 411 congregare,
1789 326 1941 390 dein
1985 346 2167 391 more
2213 326 2486 392 militiae

182 435 276 499 per
321 415 543 479 vexilla
604 417 669 477 et
731 416 982 478 turmas
1045 434 1460 498 componere,
1525 417 1858 499 postremo
1922 435 2054 479 non
2117 413 2486 480 inconditae
2522 431 2555 482 5

182 503 375 567 turbae
417 502 525 567 sed
562 500 1097 566 Musulamiorum
1133 501 1262 567 dux
1306 501 1555 569 haberi.
1626 503 1845 568 valida
1889 525 1966 569 ea
2012 523 2174 588 gens
2223 507 2289 568 et
2334 504 2485 568 soli-

185 591 477 656 tudinibus
531 589 793 656 Africae
836 590 1230 676 propinqua,
1288 591 1469 657 nullo
1527 592 1729 656 etiam
1787 594 1930 657 tum
1982 591 2242 656 urbium
2288 592 2487 677 cultu,
2544 596 2548 601 ’

182 681 324 763 cepit
378 701 555 744 arma
606 678 996 764 Maurosque
1051 679 1309 746 accolas
1362 680 1433 744 in
1489 679 1732 746 bellum
1784 680 2012 764 traxit3
2067 681 2194 745 dux
2252 685 2319 745 et
2363 681 2486 765 his,

178 767 457 853 Mazippa.
558 767 929 852 divisusque
985 769 1329 853 exercitus,
1383 773 1459 833 ut
1501 767 1877 834 Tacfarinas
1932 769 2136 835 lectos
2182 769 2357 835 viros
2420 776 2487 835 et

178 855 502 922 Romanum
546 856 617 921 in
661 856 926 921 modum
974 862 1260 923 armatos
1319 857 1549 923 castris
1606 857 1939 943 attineret,
1993 857 2373 943 disciplinae
2421 863 2488 924 et
2527 876 2593 927 10

177 945 426 1030 imperiis
471 947 817 1029 suesceret,
858 944 1162 1030 Mazippa
1204 946 1333 1011 levi
1377 968 1526 1012 cum
1572 948 1762 1033 copia
1803 947 2101 1012 incendia
2147 950 2213 1011 et
2257 947 2483 1013 caedes

181 1038 234 1098 et
263 1040 558 1100 terrorem
595 1033 1055 1100 circumferret.
1137 1035 1686 1121 conpulerantque
1724 1035 2069 1120 Cinithios,
2096 1035 2272 1101 haud
2308 1057 2481 1119 sper·

178 1122 420 1187 nondam
463 1123 817 1207 nationem,
859 1123 930 1187 in
964 1124 1210 1208 eadem,
1257 1146 1406 1190 cum
1442 1123 1676 1190 Furius
1714 1123 2025 1191 Camillus
2060 1146 2180 1209 pro
2218 1125 2482 1190 consule

171 1211 397 1276 Africae
450 1212 773 1297 legionem
829 1215 895 1277 et
946 1213 1118 1297 quod
1164 1214 1286 1278 sub
1342 1214 1551 1300 signis
1596 1215 1921 1280 sociorum
1973 1213 2045 1278 in
2088 1234 2288 1279 unum
2334 1233 2482 1278 con-

171 1299 364 1365 ductos
426 1301 509 1365 ad
571 1300 828 1365 hostem
892 1299 1102 1385 duxit,
1166 1303 1490 1368 modicam
1542 1324 1835 1386 manum,
1893 1302 1948 1367 si
1995 1301 2480 1367 multitudinem
2519 1318 2587 1370 15

169 1386 565 1455 Numidarum
611 1394 804 1475 atque
848 1389 1225 1456 Maurorum
1273 1396 1634 1476 spectares:
1682 1391 1796 1456 sed
1841 1391 2005 1456 nihil
2051 1412 2254 1476 aeque
2299 1412 2481 1455 cave·

166 1476 329 1542 batur
381 1499 578 1563 quam
635 1499 719 1543 ne
774 1477 1018 1544 bellum
1077 1484 1255 1545 metu
1301 1480 1659 1546 eluderent:
1716 1500 1831 1563 spe
1877 1480 2186 1545 victoriae
2231 1479 2480 1545 inducti

168 1571 288 1631 sunt
322 1570 392 1632 ut
425 1569 858 1634 vincerentur.
920 1567 1125 1654 igitur
1162 1568 1336 1654 legio
1374 1569 1605 1652 medio,
1640 1568 1817 1633 leves
1853 1567 2153 1634 cohortes
2191 1566 2480 1653 duaeque

169 1653 281 1719 alae
322 1656 390 1721 in
426 1656 737 1722 cornibus
784 1655 1103 1722 locantur.
1182 1679 1301 1724 nec
1338 1657 1716 1723 Tacfarinas
1753 1679 2043 1744 pugnam
2081 1657 2480 1722 detrectavit.

166 1740 268 1808 fusi
315 1743 664 1822 Numidae,
730 1744 1099 1830 multosque
1153 1751 1307 1832 post
1369 1768 1575 1812 annos
1643 1745 1840 1811 Furio
1903 1746 2153 1811 nomini
2216 1748 2479 1831 partum
2517 1762 2587 1813 20

170 1830 326 1897 decus
370 1833 669 1898 militiae.
748 1855 904 1897 nam
949 1838 1101 1918 post
1144 1834 1332 1898 illum
1377 1834 1876 1919 reciperatorem
1921 1835 2101 1900 urbis
2145 1834 2478 1919 filiumque

169 1919 276 1984 eius
326 1919 673 1987 Camillum
729 1942 928 2005 penes
984 1923 1147 1989 alias
1210 1922 1494 1989 familias
1560 1924 1979 2008 imperatoria
2035 1922 2178 1988 laus
2230 1922 2479 2006 fuerat3

165 2012 324 2094 atque
384 2011 494 2075 hic
551 2031 744 2095 quem
799 2032 1231 2077 memoramus
1287 2011 1606 2077 bellorum
1667 2034 1894 2098 expers
1939 2011 2318 2077 habebatur.
2401 2031 2479 2077 eo

166 2099 395 2179 pronior
439 2098 742 2163 Tiberius
778 2120 882 2164 res
929 2103 1147 2185 gestas
1186 2100 1356 2185 apud
1396 2105 1695 2166 senatum
1732 2100 2109 2185 celebravit3
2154 2106 2221 2165 et
2265 2100 2479 2166 decre-

164 2206 282 2251 vere
323 2192 546 2272 patres
590 2188 1016 2272 triumphalia
1058 2189 1369 2275 insignia,
1415 2191 1588 2273 quod
1635 2187 1914 2256 Camillo
1961 2190 2045 2254 ob
2090 2187 2480 2255 modestiam
2516 2205 2585 2256 25

165 2274 306 2340 vitae
345 2277 614 2363 impune
660 2275 802 2344 fuit.

305 2363 594 2451 Sequens
633 2387 842 2431 annus
873 2365 1210 2431 Tiberium
1246 2368 1533 2453 tertium,
1571 2367 2025 2433 Germanicum
2059 2368 2292 2432 iterum
2329 2388 2475 2432 con·
2497 2368 2583 2434 53

165 2452 303 2517 611166
342 2455 597 2522 habuit.
674 2454 787 2519 sed
835 2475 984 2519 eum
1028 2456 1337 2521 honorem
1377 2456 1804 2523 Germanicus
1849 2457 2000 2522 iniit
2034 2456 2204 2540 apud
2250 2456 2476 2520 urbem

161 2540 411 2608 Achaiae
478 2542 886 2627 Nicopolim,
951 2565 1079 2630 quo
1144 2551 1406 2610 venerat
1478 2567 1595 2630 per
1658 2545 1993 2630 Illyricam
2058 2565 2271 2628 oram,
2335 2544 2476 2609 viso

161 2627 328 2696 fratre
363 2631 586 2697 Druso
621 2632 694 2696 in
720 2630 1047 2698 Delmatia
1085 2637 1339 2719 agente,
1368 2633 1738 2701 Hadriatici
1775 2656 1851 2700 ac
1888 2654 2040 2698 mox
2063 2632 2239 2698 Ionii
2276 2631 2476 2697 maris

163 2716 466 2786 adversam
504 2720 994 2806 navigationem
1021 2744 1386 2807 perpessus.
1440 2723 1646 2810 igitur
1681 2744 1921 2808 paucos
1957 2721 2093 2786 dies
2129 2720 2480 2805 insumpsit
2515 2737 2549 2787 5

219 2896 260 2946 4.
327 2880 480 2948 Uber
526 2900 703 2950 suetos
746 2895 863 2949 und
898 2894 980 2950 im
1014 2895 1253 2967 Folgen-
1434 2905 1521 2953 21.
1584 2899 1878 2969 filiumque.
1940 2895 2340 2966 Kriegsthaten
2369 2912 2479 2950 von

165 2960 249 3017 den
279 2970 541 3021 suesceret
575 2984 617 3021 s.
654 2983 723 3019 zu
758 2982 844 3036 cp.
883 2971 970 3022 44.
1363 2970 1494 3025 dem
1514 2969 1701 3025 Sohne
1729 2969 1828 3023 des
1853 2968 2188 3024 beruhmten
2208 2964 2478 3022 Camillus

217 3046 256 3096 5.
316 3061 415 3113 per
457 3045 667 3101 vexilla
677 3064 699 3111 ;
753 3046 867 3115 vgl.
927 3064 996 3101 zu
1042 3063 1126 3117 ep.
1166 3053 1255 3116 45,
1363 3041 1588 3095 kennen
1619 3041 1725 3095 wir
1756 3040 1933 3107 nicht,
1973 3040 2109 3094 aber
2145 3039 2266 3092 sein
2292 3036 2480 3091 Enkel

214 3134 254 3185 6,
306 3130 405 3188 Die
418 3132 809 3201 umalama,
840 3150 984 3205 ange
995 3133 1150 3190 buch
1175 3134 1257 3190 im
1365 3112 1564 3182 schlug
1591 3109 1734 3166 imJ.
1753 3116 1855 3165 338
1875 3127 1927 3165 v.
1952 3109 2078 3165 Chr.
2107 3107 2198 3164 die
2226 3107 2474 3164 Latiner.

163 3197 314 3256 Sfiden
346 3220 459 3259 von
501 3202 661 3259 Cirta
696 3204 1030 3274 wohnhaft,.
1060 3205 1255 3276 jeden-
1364 3182 1598 3253 Spsttfll'e
1636 3181 1959 3265 ffifssJiOdflr
1976 3180 2094 3263 „del”
2136 3195 2275 3250 801¹ss
2312 3177 2482 3262 FPria

162 3267 264 3326 falls
336 3289 407 3329 an
477 3273 873 3330 Mauretania„
957 3278 1255 3347 grenzend,
1362 3254 1549 3309 haben
1557 3252 1710 3308 wohl
1720 3250 2253 3321 tnumphiert‚doch
2270 3249 2478 3305 kemen

162 3357 317 3400 varen
341 3346 450 3400 seit
478 3348 613 3401 dem
642 3348 694 3401 J.
716 3353 744 3400 1
777 3365 831 3402 v.
852 3345 978 3404 Chr.
1009 3365 1120 3405 von
1148 3350 1259 3403 den
1365 3324 1691 3379 danemden
1724 3323 1911 3377 RUhm
1946 3321 2169 3391 erlangt

164 3407 372 3471 Bomern
397 3407 797 3473 unterworfen.
868 3418 961 3473 Sie
990 3418 1256 3474 scheinen
1434 3394 1533 3452 53·
1556 3402 1607 3450 3·
1646 3399 1733 3449 An
1762 3395 1862 3449 ⁴³³²*
1882 3392 2479 3476 St011q‚w04ugust310

169 3479 238 3537 ein
264 3488 639 3543 numidigcher
676 3488 896 3543 Sffiamm
929 3507 997 3543 zu
1033 3490 1168 3546 sein·
1361 3484 1463 3521 vor
1510 3467 1611 3521 der
1649 3465 1918 3520 Schlacht
1965 3465 2057 3519 bei
2093 3464 2322 3518 Actium
2358 3480 2479 3517 sem

222 3577 290 3629 10.
361 3578 618 3642 attinere,
646 3576 860 3632 beliebt
884 3576 980 3631 bei
1001 3577 1252 3647 Tacitus,
1360 3534 2478 3663 {5⁴21}ssssaffggssffgassgiffiaffiztiefiassssgffl:

169 3639 263 3696 11161·
293 3647 446 3740 statt·
466 3652 758 3740 cent-merq-
1359 3677 1695 3733 brakischen
1723 3678 2067 3744 Meerbusen,
2104 3677 2378 3747 grtindete
2418 3694 2478 3731 er

225 3729 293 3806 ¹?-
375 3727 678 3791 0m²th¹⁰⁸’
724 3744 784 3781 ²¹²
823 3728 922 3782 der
957 3728 1119 3784 Nahe
1155 3729 1256 3784 (1θῖ
1358 3768 1455 3804 zur
1488 3749 1839 3819 Erinnerung
1875 3765 1947 3803 an
1989 3746 2181 3803 seinen
2217 3747 2351 3818 Sieg
2386 3747 2477 3801 die

167 3789 365 3851 *101³ssss
401 3797 585 3867 Syrte·
966 3880 977 3892 ‚
1024 3880 1034 3892 ‚
1362 3819 1529 3875 Stadt
1562 3819 1873 3890 Nikopolis.

228 3876 294 3957 1⁷,-
347 3862 501 3933 Uber
535 3894 701 3948 quam
735 3879 885 3934 nach
911 3880 1056 3934 mmz
1091 3896 1256 3950 aeque
1434 3896 1486 3946 5.
1556 3893 1823 3946 insumere
1867 3891 1974 3945 mit
2010 3891 2138 3944 dem
2175 3889 2344 3944 nativ
2380 3889 2479 3944 des

170 3956 203 3994 ⁸·
229 3942 354 4001 Effll·
392 3953 441 4015 ἓ.
481 3954 568 4004 93.
1362 3961 1600 4017 Gerund.
1631 3963 1776 4017 auch
1802 3963 1949 4017 noch
1976 3968 2028 4029 3,
2058 3968 2087 4015 1
2122 3976 2327 4030 paucos
2362 3960 2478 4015 dies

230 4029 295 4079 18.
360 4029 539 4084 medio
584 4029 692 4084 wie
740 4027 872 4085 hist.
924 4037 980 4097 1,
1029 4034 1095 4086 68
1142 4032 1255 4100 ipsi
1360 4034 1713 4102 componendo
1740 4035 1939 4088 animo.
1988 4038 2073 4100 16,
2103 4037 2170 4086 23
2199 4031 2315 4085 und
2343 4032 2388 4084 A
2461 4071 2473 4084 .

175 4095 312 4152 modio
342 4101 491 4170 vaqi,
527 4117 654 4155 ann.
695 4105 781 4169 13,
820 4105 889 4155 38
925 4102 1101 4157 medio
1133 4117 1252 4157 sex·
1359 4109 1456 4170 233
1483 4105 1598 4174 vgl‚
1626 4103 1770 4159 Plin.
1806 4121 1860 4159 11.
1900 4104 1955 4159 11.
1994 4108 2081 4171 35,
2118 4107 2165 4168 §-
2204 4107 2304 4157 197
2399 4120 2476 4156 m-

173 4165 262 4246 tqm
290 4169 542 4240 leyimaem
577 4172 880 4227 constituit.
955 4176 1003 4242 1,
1044 4178 1113 4228 64
1148 4189 1252 4228 me·
1361 4175 1517 4231 δῆσα
1542 4177 1730 4243 (creta)
1759 4191 1873 4231 non
1898 4174 2013 4230 nisi
2030 4174 2307 4243 poliendis
2318 4173 2476 4227 vesti-

176 4233 248 4290 dw
275 4243 530 4297 mutium
564 4247 615 4299 et
639 4242 932 4313 paludum.
1360 4247 1463 4301 bue
1498 4248 1811 4302 assumitur.
