2867 4625
1004 90 1225 145 LIBER
1258 89 2609 156 111.cAP.4s-5o.179

431 251 598 318 Fine
661 251 818 316 anni
872 250 1240 318 Clutorium
1293 251 1591 317 Priscum
1654 253 1937 336 equitem
1995 251 2390 339 Romanum,
2452 257 2607 338 post
2622 253 2709 319 49

248 342 506 408 celebre
566 363 857 425 carmen,
916 363 1044 428 quo
1108 340 1479 407 Germanici
1538 363 1842 426 suprema
1901 340 2281 427 defleverat,
2330 344 2611 426 pecunia

249 430 570 496 donatum
615 452 657 495 a
701 428 1003 514 Caesare,
1062 431 1379 514 corripuit
1430 431 1707 514 delator,
1763 430 2097 496 obiectans
2152 451 2349 517 aegro
2397 431 2610 498 Druso

249 518 940 674 ffiffp‘limiifutssssi’sss'
986 519 1074 672 ἶ.
1088 519 2289 676 ⁶3533⁰⁸Pf⁰÷2215331013053⁶2222
2310 521 2613 675 Viiffeffi
2647 623 2683 673 ⁶

250 718 476 763 coram
519 697 871 780 multisque
917 696 1304 762 inlustribus
1350 696 1634 780 feminis,
1678 658 2402 783 per'vaniloquentiam
2436 699 2613 784 lege-

249 789 381 852 rat.
454 788 529 850 ut
566 784 817 850 delator
854 784 1096 870 extitit,
1142 785 1375 850 ceteris
1414 785 1497 850 ad
1538 785 1876 850 dicendum
1913 786 2363 852 testimonium
2401 792 2608 853 exter-

248 875 425 958 ritis,
470 874 610 939 sola
653 872 928 939 Vitellia
970 873 1139 940 nihil
1185 895 1254 939 se
1302 872 1628 939 audivisse
1674 873 2093 940 adseveravit.
2177 876 2289 940 sed
2335 895 2609 960 arguen-

244 963 431 1029 tibus
459 963 541 1028 ad
569 962 921 1047 perniciem
947 964 1096 1046 plus
1124 962 1276 1027 fidei
1322 962 1467 1046 fuit,
1508 963 1958 1049 sententiaque
1986 962 2242 1028 Haterii
2270 962 2607 1050 Agrippae

251 1052 545 1118 consulis
565 1119 573 1125 ,
592 1051 919 1136 designati
961 1050 1277 1117 indictum
1322 1073 1435 1117 reo
1483 1052 1788 1118 ultimum
1835 1052 2244 1138 supplicium.
2651 1067 2717 1117 1ο

434 1138 677 1206 Contra
739 1139 844 1204 Μ’.
907 1139 1186 1225 Lepidus
1259 1140 1329 1205 in
1399 1140 1572 1206 hunc
1647 1139 1910 1206 modum
1983 1162 2248 1206 exorsus
2314 1145 2436 1207 est:
2512 1140 2611 1226 ε61,
2631 1138 2719 1205 50

246 1231 475 1315 patres
549 1229 926 1313 conscripti,
999 1251 1200 1294 unum
1262 1228 1331 1294 id
1396 1233 1793 1314 spectamus,
1867 1252 2066 1316 quam
2135 1229 2390 1295 nefaria
2453 1251 2609 1296 voce

248 1317 584 1385 Clutorius
629 1317 889 1383 Priscus
946 1321 1229 1384 mentem
1286 1340 1476 1383 suam
1531 1322 1601 1383 et
1654 1339 1844 1383 aures
1900 1318 2240 1384 hominum
2285 1318 2611 1404 polluerit,

249 1429 466 1492 neque
512 1428 728 1473 carcer
781 1427 992 1492 neque
1044 1407 1344 1492 laqueus,
1397 1428 1481 1471 ne
1536 1406 1807 1473 serviles
1864 1407 2127 1492 quidem
2173 1408 2495 1473 cruciatus
2541 1407 2612 1471 in

249 1518 405 1561 eum
451 1496 838 1563 suffecerint.
918 1496 1024 1560 sin
1068 1495 1323 1598 flagitia
1368 1498 1435 1560 et
1479 1495 1774 1562 facinora
1821 1495 1963 1561 sine
2010 1496 2204 1562 modo
2252 1500 2422 1582 sunt,
2467 1518 2612 1581 sup·
2649 1509 2682 1559 6

253 1585 478 1669 pliciis
525 1607 602 1650 ac
646 1584 950 1649 remediis
1003 1584 1318 1669 principis
1375 1583 1738 1650 moderatio
1786 1584 2233 1670 maiorumque
2279 1588 2346 1649 et
2392 1587 2610 1650 vestra

250 1674 551 1756 exempla
595 1676 979 1757 temperant,
1025 1676 1090 1737 et
1127 1695 1294 1737 vana
1332 1695 1372 1737 a
1409 1673 1722 1756 6661661116,
1769 1672 1942 1738 dicta
1983 1696 2022 1739 a
2058 1673 2394 1738 maleficiis
2433 1672 2611 1739 diffe-

247 1765 430 1846 runt,
475 1763 575 1826 est
616 1762 799 1827 locus
848 1761 1237 1843 sententiae,
1282 1782 1400 1846 per
1447 1783 1640 1846 quam
1683 1782 1894 1846 neque
1939 1762 2091 1828 huic
2138 1760 2448 1827 delictum
2491 1762 2612 1826 im-

249 1871 430 1936 pune
477 1850 566 1914 sit
608 1854 677 1915 et
720 1871 843 1915 nos
890 1849 1274 1914 clementiae
1321 1849 1516 1914 simul
1563 1872 1639 1915 ac
1686 1850 2054 1916 severitatis
2091 1872 2224 1916 non
2255 1851 2610 1953 paeniteat.

251 1959 453 2024 saepe
489 1937 704 2004 audivi
739 1938 1101 2021 principem
1145 1940 1443 2003 nostrum
1488 1942 2009 2023 conquerentem,
2058 1938 2113 2003 si
2162 1941 2306 2024 quis
2352 1943 2613 2023 sumpta
2653 1951 2719 2002 10

251 2030 471 2092 morte
509 2025 1016 2091 misericordiam
1053 2026 1193 2091 eius
1229 2027 1697 2110 praevenisset.
1772 2028 1909 2092 vita
1937 2024 2272 2092 Clutorii
2251 2049 2321 2091 111
2356 2028 2613 2113 integro

251 2119 376 2201 est,
423 2115 533 2201 qui
576 2137 785 2199 neque
836 2118 1132 2181 servatus
1176 2113 1247 2180 in
1290 2115 1656 2199 periculum
1699 2116 1795 2181 rei
1838 2116 2136 2200 publicae
2172 2137 2379 2200 neque
2415 2116 2616 2180 inter-

250 2205 466 2271 fectus
513 2204 587 2269 in
634 2206 999 2289 exemplum
1043 2204 1185 2269 ibit.
1281 2203 1501 2269 studia
1545 2203 1676 2287 illi,
1719 2209 1794 2268 ut
1836 2204 2034 2286 plena
2078 2203 2473 2288 vaecordiae,
2518 2204 2614 2269 ita

253 2294 484 2360 inania
545 2297 612 2359 et
668 2293 843 2359 fluxa
904 2296 1089 2378 sunt3
1147 2314 1268 2358 nec
1324 2291 1677 2378 quicquam
1731 2314 1927 2379 grave
1983 2315 2059 2359 ac
2114 2292 2355 2359 serium
2411 2315 2490 2359 ex
2535 2315 2611 2359 eo

253 2386 545 2467 metuas,
610 2383 723 2467 qui
784 2403 1050 2448 suorum
1108 2381 1251 2465 ipse
1310 2381 1716 2465 flagitiorum
1775 2381 2072 2466 proditor
2126 2403 2262 2446 non
2324 2382 2611 2447 virorum
2653 2395 2719 2446 15

255 2471 496 2536 animis
545 2470 659 2536 sed
703 2471 1227 2535 muliercularum
1265 2469 1536 2554 adrepit.
1611 2470 1798 2535 cedat
1841 2474 2065 2535 tamen
2110 2470 2269 2535 urbe
2315 2473 2383 2535 et
2425 2470 2615 2538 bonis

254 2560 517 2626 amissis
555 2581 728 2644 aqua
763 2562 830 2623 et
874 2559 1015 2644 igni
1062 2560 1384 2623 arceatur:
1432 2558 1607 2644 quod
1651 2559 1919 2644 perinde
1966 2580 2196 2624 censeo
2246 2579 2320 2623 ac
2368 2559 2424 2623 si
2468 2559 2616 2644 lege

252 2648 623 2713 maiestatis
666 2645 1039 2712 teneretur?

329 2838 430 2896 49.
484 2843 535 2894 5.
593 2838 660 2894 Ρ.
698 2838 1021 2906 Ρεῠνοπίαε,
1074 2838 1375 2908 Konsular,

251 2910 402 2967 vird
454 2928 479 2965 s
521 2910 643 2965 ater
692 2908 1010 2966 PrOkonsul
1057 2925 1170 2965 von
1220 2879 1375 2978 Asia,

253 2984 426 3037 11111161·
515 2981 728 3051 aligula
772 2981 1081 3050 Proprator
1122 2996 1234 3035 von
1273 2980 1380 3048 Sy-

250 3052 381 3108 rien
416 3052 536 3106 und
570 3052 737 3107 stirbt
780 3052 948 3107 unter
986 3049 1268 3106 Claudius.
1309 3082 1376 3091 —-

266 3124 527 3190 Vitellia,
570 3121 862 3178 vielleicht
905 3120 1230 3177 Grosstante
1280 3122 1377 3176 des

1489 2837 1995 2909 Staatsgefangnis.
2033 2837 2139 2893 Die
2168 2836 2355 2893 Strafe
2382 2838 2482 2893 der
2507 2838 2610 2892 Er-

1489 2909 1848 2991 drosselung,
1894 2909 1986 2964 die
2021 2911 2189 2965 unter
2223 2910 2334 2964 den
2369 2908 2610 2964 Kaisern

1489 2979 1692 3035 immet
1734 2979 1988 3050 haufiger
2033 2980 2199 3049 vvird,
2250 2979 2470 3036 kommt
2520 2979 2606 3036 als

1492 3050 1806 3106 Seltenheit
1850 3051 1998 3106 auch
2045 3070 2142 3106 zur
2184 3022 2309 3105 ’Zeit
2352 3050 2454 3105 der
2498 3050 2607 3104 Re-

1489 3121 1693 3192 publik
1738 3138 1868 3192 vor,
1912 3141 1957 3177 z.
1989 3123 2051 3179 B.
2087 3122 2168 3177 im
2201 3121 2251 3178 J.
2282 3127 2350 3176 62
2389 3139 2461 3177 an
2497 3121 2611 3176 den

251 3193 487 3249 Kaisers
507 3163 794 3250 Vitellius.
826 3223 894 3234 —
923 3209 1108 3249 coram
1140 3191 1202 3246 in
1229 3192 1379 3247 Ana·

251 3267 412 3335 strop
413 3265 518 3333 he,
563 3263 672 3319 wie
709 3267 903 3334 cp.15
938 3269 1135 3320 senatu
1179 3278 1381 3319 coram.

254 3336 488 3392 Sueten.
528 3335 639 3389 Tit.
683 3340 749 3390 10
777 3336 991 3405 populo
1037 3351 1237 3390 coram.
1306 3334 1380 3389 So

253 3406 418 3463 stellt
462 3405 697 3461 Tacitus
751 3407 1021 3461 zuweilen
1075 3405 1166 3460 die
1221 3404 1382 3460 zwei-

253 3478 505 3559 silbigen
521 3476 953 3547 Prapositionen
980 3478 1097 3531 und
1125 3477 1380 3546 abusque.

255 3548 313 3603 S.
342 3548 498 3603 Eml.
527 3554 576 3614 §-
609 3554 729 3616 116,
758 3566 809 3603 a.

328 3627 380 3676 6.
454 3620 872 3689 vaniloquentia
945 3618 1092 3672 auch
1165 3623 1224 3686 6,
1281 3623 1379 3685 313

255 3692 436 3745 schon
469 3690 569 3746 bei
602 3689 837 3746 Plautus
871 3687 990 3743 und
1026 3687 1243 3757 Livius,
1279 3706 1381 3742 un-

252 3761 552 3818 klassisch.

321 3839 376 3888 9.
413 3831 694 3888 Haterius
723 3831 945 3886 stimmt
978 3831 1182 3898 zuerst,
1219 3829 1293 3885 da
1320 3847 1383 3885 61·

256 3904 630 3974 designierter
664 3902 885 3958 Konsul
918 3902 1013 3957 ist.
1085 3901 1215 3971 Vgl.
1243 3901 1385 3956 uber

256 3975 454 4030 seinen
491 3971 803 4029 Charakter
838 3992 907 4027 zu
947 3980 995 4042 1,
1027 3978 1111 4029 77.

326 4046 426 4102 50.
480 4051 527 4099 1.
578 4045 692 4099 M.
730 4044 984 4113 Lepidus
1027 4043 1104 4097 ist
1149 4043 1248 4098 der
1298 4042 1386 4097 oft

257 4116 549 4173 erwahnte
588 4114 999 4170 einflufsreiche
1036 4113 1275 4169 Redner.

327 4193 380 4243 4.
447 4204 650 4244 moer.
716 4186 917 4242 Neben
978 4185 1105 4240 dem
1159 4184 1384 4252 Forum,

256 4274 353 4314 am
409 4258 580 4314 Fusse
646 4258 744 4313 des
800 4256 1061 4328 Kapitols
1122 4254 1223 4326 lag
1284 4255 1385 4309 das

1489 3140 1905 3247 Catilinariern.

1567 3268 1651 3320 13.
1713 3264 1779 3318 in
1840 3279 1988 3318 exem
2029 3263 2143 3318 lum
2204 3263 2287 3318 ire
2347 3262 2425 3318 ist
2486 3260 2613 3317 eine

1492 3333 1955 3389 nachklassische
2038 3332 2220 3389 hrase.

1567 3409 1650 3460 1⁷.
1697 3421 1846 3477 aqua
1880 3409 1931 3459 et
1965 3405 2090 3473 iyni
2127 3408 2398 3459 arceatwr.
2460 3388 2613 3457 Uber

1493 3473 1648 3538 diese
1697 3491 1841 3530 neue
1877 3475 2180 3543 Wendung
2216 3492 2260 3528 s.
2298 3493 2368 3528 zu
2405 3489 2491 3544 cp.
2522 3479 2610 3528 23.

1494 3575 1563 3585 —-
1578 3546 1809 3615 perinde
1837 3562 1903 3601 ac
1928 3546 1994 3600 si.
2031 3545 2195 3601 Nach
2223 3544 2355 3600 dem
2375 3544 2613 3600 Gesetze

1493 3616 1745 3672 konnten
1801 3616 1915 3686 Maj
1922 3615 2442 3672 estatsverbrechen
2505 3633 2612 3670 nur

1534 3703 1676 3756 egen
1712 3688 1823 3741 den
1850 3686 2049 3742 Kaiser
2073 3687 2189 3741 und
2218 3688 2370 3742 661116
2397 3686 2612 3741 Mutter

1492 3704 1792 3828 {egangen
1841 3758 2089 3827 werden,
2148 3758 2262 3828 vgl.
2300 3763 2361 3826 4,
2399 3764 2470 3813 34
2520 3758 2615 3813 sed

1492 3845 1663 3899 neque
1697 3830 1828 3884 haec
1863 3830 1928 3885 in
1965 3830 2280 3900 principem
2317 3833 2417 3883 mut
2449 3829 2611 3897 prin-

1494 3902 1636 3970 cipis
1665 3905 1979 3969 parentem,
2015 3911 2148 3970 quos
2185 3900 2274 3955 lex
2307 3899 2612 3954 maiestatis

1496 3972 1858 4040 anmzeetitur.
1934 3918 2049 4026 Die
2087 3971 2273 4025 Strafe
2319 3986 2437 4024 war
2473 3969 2612 4024 Ver-

1492 4042 1763 4113 bannung
1815 4041 1933 4096 und
1984 4040 2392 4097 Konfiskation.
2463 4037 2617 4094 Aber

1494 4110 2617 4251 ffgssnnfffussssssai‘sskssssf'g?&²330ssssssss

1498 4273 1596 4309 zur
1632 4253 1811 4325 Regel
1844 4255 2016 4309 ward.

2084 4341 2192 4395 12*
