2867 4625
994 99 1214 155 LIBER
1239 101 1335 159 IV.
1399 101 1560 158 CAP.
1598 107 1828 158 40-42.
2472 104 2604 171 227

245 266 380 331 tias
434 286 569 330 non
626 263 863 329 occulti
915 261 1136 328 ferunt
1188 283 1429 348 perque
1475 263 1790 330 invidiam
1836 264 1935 329 tui
1981 286 2084 331 me
2131 287 2387 351 quoque
2432 268 2610 334 incu-

241 359 415 421 sant.
507 357 578 419 at
633 353 809 418 enim
855 351 1197 437 Augustus
1253 353 1459 418 filiam
1514 375 1700 418 suam
1757 354 1962 438 equiti
2006 354 2304 421 Romano
2349 357 2609 422 tradere

238 443 597 509 meditatus
644 444 761 509 est.
851 441 1092 506 mirum
1136 441 1419 527 hercule,
1467 442 1525 506 si
1571 464 1721 508 cum
1764 443 1836 507 in
1883 444 2096 508 omnis
2143 465 2332 510 curas
2379 446 2610 511 distra-

240 533 507 598 heretur
569 531 1087 614 immensumque
1153 530 1373 596 attolli
1434 530 1810 615 provideret
1883 554 2074 616 quem
2147 534 2605 600 coniunctione
2645 551 2714 603 25

235 623 359 687 tali
418 642 618 705 super
672 620 837 685 alios
896 619 1265 704 extulisset,
1310 617 1381 685 G.
1426 619 1838 686 Proculeium
1885 624 1952 685 et
1998 622 2314 706 quosdam
2360 624 2431 687 in
2477 646 2608 690 ser-

236 710 552 777 monibus
596 709 830 773 habuit
871 708 1119 794 insigni
1165 708 1649 793 tranquillitate
1695 709 1888 795 vitae,
1931 710 2132 775 nullis
2170 712 2266 776 rei
2303 713 2607 797 publicae

233 799 529 883 negotiis
600 798 978 882 permixtos.
1095 798 1209 862 sed
1283 798 1340 863 si
1414 797 1822 863 dubitatione
1894 796 2182 885 Augusti
2252 823 2608 888 movemur,

235 893 489 975 quanto
542 886 826 952 validius
887 890 988 952 est
1041 885 1217 970 quod
1272 885 1494 952 Marco
1541 886 1908 972 Agrippae,
1965 910 2118 952 mox
2172 889 2335 954 mihi
2391 891 2609 957 conlo-

235 977 461 1045 cavit?
547 979 740 1063 atqoe
795 996 917 1061 ego
972 974 1137 1041 haec
1190 997 1312 1059 pro
1375 976 1667 1041 amicitia
1723 998 1860 1042 non
1916 977 2263 1061 occultavi,
2318 983 2604 1045 ceterum
2643 997 2714 1047 30

237 1088 453 1152 neque
500 1066 634 1131 tuis
679 1086 889 1149 neque
926 1064 1152 1130 Liviae
1190 1064 1532 1130 destinatis
1572 1065 1981 1130 adversabor.
2054 1066 2194 1150 ipse
2232 1066 2387 1150 quid
2426 1069 2606 1133 intra

238 1157 542 1222 animum
588 1154 1041 1236 volutaverim‚
1087 1153 1322 1238 quibus
1370 1153 1582 1219 adhuc
1626 1154 2216 1220 necessitudinibus
2263 1156 2606 1223 inmiscere

233 1250 303 1310 te
350 1244 520 1310 mihi
564 1265 818 1328 parem,
873 1242 1176 1308 omittam
1223 1243 1304 1308 ad
1348 1263 1658 1328 praesens
1704 1243 1977 1309 referre:
2033 1242 2101 1308 id
2144 1247 2407 1310 tantum
2457 1267 2607 1330 ape·

232 1335 432 1418 riam,
477 1332 647 1397 nihil
685 1353 825 1397 esse
862 1336 1001 1397 tam
1039 1332 1383 1416 excelsum,
1431 1332 1604 1418 quod
1642 1353 1775 1397 non
1811 1332 2084 1397 virtutes
2121 1332 2289 1398 istae
2326 1339 2606 1421 tuusque

231 1425 310 1489 in
358 1444 464 1487 me
513 1421 771 1488 animus
818 1425 1217 1503 mereantur,
1273 1421 1556 1505 datoque
1610 1423 1905 1505 tempore
1953 1422 2055 1486 vel
2108 1422 2178 1486 in
2226 1429 2457 1491 senatu
2504 1425 2604 1490 vel
2642 1439 2712 1489 35

150 1514 155 1517 ’
235 1514 313 1578 in
362 1511 667 1578 contione
711 1531 848 1575 non
890 1508 1221 1575 reticebo?

422 1600 709 1665 Rursum
784 1597 1080 1677 Seianus,
1154 1619 1289 1663 non
1359 1598 1495 1663 iam
1558 1597 1637 1663 de
1700 1599 2124 1665 matrimonio
2134 1651 2152 1684 ,
2225 1600 2339 1666 sed
2404 1602 2603 1670 altius
2624 1602 2709 1669 41

233 1693 560 1772 metuens,
604 1688 808 1753 tacita
845 1687 1307 1771 suspicionum,
1356 1686 1541 1772 vulgi
1583 1709 1931 1772 rumorem,
1976 1689 2395 1775 ingruentem
2440 1691 2606 1757 invi-

235 1780 421 1845 diam
478 1778 876 1860 deprecatur.
968 1798 1044 1842 ac
1100 1798 1187 1840 ne
1245 1775 1554 1841 adsiduos
1609 1776 1680 1841 in
1734 1776 2001 1842 domum
2057 1783 2280 1844 coetus
2329 1779 2606 1846 arcendo

233 1868 630 1952 infringeret
671 1865 1038 1952 potentiam
1075 1868 1191 1930 aut
1233 1864 1631 1950 receptando
1678 1864 2059 1931 facultatem
2107 1867 2608 1934 criminantibus

236 1957 618 2042 praeberet,
652 1955 780 2020 huc
816 1954 1000 2019 flexit
1035 1958 1111 2018 ut
1146 1953 1483 2018 Tiberium
1519 1952 1602 2018 ad
1640 1954 1845 2019 vitam
1881 1957 2108 2039 procul
2143 1955 2354 2021 Roma
2391 1980 2607 2023 amoe-
2645 1972 2679 2022 5

233 2046 346 2111 nis
394 2046 556 2110 locis
604 2043 964 2129 degendam
1009 2042 1391 2126 impelleret.
1481 2044 1690 2107 multa
1737 2044 1974 2128 quippe
2019 2044 2432 2128 providebat:
2491 2069 2609 2111 sua

235 2137 311 2199 in
375 2156 572 2199 manu
633 2133 853 2198 aditus
912 2132 1408 2216 litterarumque
1468 2151 1709 2216 magna
1771 2154 1849 2196 ex
1905 2135 2094 2217 parte
2155 2154 2225 2197 se
2286 2134 2606 2199 arbitrum

236 2224 413 2308 fore,
475 2245 621 2288 cum
681 2243 801 2305 per
858 2220 1099 2284 milites
1160 2224 1626 2306 commearent3
1684 2242 1838 2286 mox
1897 2219 2241 2287 Caesarem
2299 2227 2608 2307 vergente

234 2316 381 2379 iam
437 2315 699 2378 senecta
756 2313 1133 2394 secretoque
1186 2309 1314 2374 loci
1371 2309 1696 2374 mollitum
1753 2310 1975 2375 munia
2031 2310 2291 2396 imperii
2347 2312 2606 2377 facilius

233 2402 728 2484 tramissurum3
767 2403 833 2464 et
867 2398 1079 2463 minui
1116 2398 1242 2463 sibi
1278 2398 1592 2463 invidiam
1631 2398 1935 2483 adempta
1963 2400 2363 2464 salutantum
2393 2402 2607 2484 turba,
2648 2417 2713 2465 10

236 2491 656 2575 sublatisque
701 2489 1010 2555 inanibus
1048 2508 1270 2552 veram
1316 2488 1684 2572 potentiam
1732 2487 1978 2571 augeri.
2048 2488 2253 2572 igitur
2287 2489 2607 2572 paulatim

231 2580 512 2666 negotia
555 2577 738 2644 urbis
751 2628 767 2661 ,
821 2576 1052 2662 populi
1110 2576 1450 2661 adcursus,
1503 2575 1990 2640 multitudinem
2047 2577 2469 2642 adfluentium
2513 2578 2610 2643 in»

233 2672 486 2753 crepat,
533 2667 852 2732 extollens
900 2664 1205 2730 laudibus
1254 2664 1538 2748 quietem
1586 2667 1653 2729 et
1699 2664 2137 2750 solitudinem,
2183 2665 2329 2752 quis
2377 2667 2607 2732 abesse

236 2758 467 2824 taedia
512 2761 579 2822 et
623 2755 1016 2821 offensiones
1064 2775 1139 2819 ac
1184 2753 1537 2840 praecipua
1581 2774 1799 2818 rerum
1844 2752 2126 2818 maxime
2173 2754 2427 2840 agitari.

421 2845 521 2911 Ac
568 2844 740 2911 forte
786 2844 1015 2909 habita
1059 2865 1177 2928 per
1221 2842 1376 2907 illos
1424 2842 1560 2907 dies
1609 2842 1686 2907 de
1732 2840 2014 2907 Votieno
2059 2841 2399 2928 Montano,
2443 2845 2602 2909 cele·
2624 2841 2713 2906 42

313 3079 404 3129 22.
450 3073 642 3140 ferunt
685 3070 805 3140 „sie
849 3072 1054 3140 tragen
1098 3068 1220 3124 sich
1255 3070 1369 3124 ‘da-
1481 3070 1674 3138 spater
1727 3069 1838 3125 den
1892 3068 2065 3139 Sejan
2119 3070 2228 3125 mit
2282 3070 2384 3124 der
2431 3068 2604 3139 Julia,

233 3145 609 3274 zngpl‘lierum,
648 3143 703 3199 d.
739 3143 797 3197 h.
837 3142 919 3198 sie
956 3142 1231 3211 sprechen
1267 3141 1368 3196 da-
1477 3140 1939 3268 ffiffihtgbggines
1968 3141 2184 3197 Sohnes
2213 3140 2446 3209 Drusus,
2479 3158 2605 3197 ver—

311 3293 402 3343 25.
450 3286 773 3343 inmens-um
821 3284 908 3339 als
954 3282 1209 3351 Adverb,
1257 3281 1365 3337 wie
1546 3296 1646 3355 41,
1703 3306 1754 3354 2.
1809 3300 1987 3356 tacita
2033 3301 2440 3370 suffic-ionum,
2496 3300 2605 3354 wie

228 3377 320 3431 cp.
353 3364 425 3415 27
462 3356 579 3412 und
619 3356 784 3411 fistOr·
1474 3370 1555 3424 im
1581 3370 1911 3439 Folgenden
1937 3372 2053 3426 und
2083 3389 2168 3441 cp.
2199 3377 2268 3425 40
2293 3372 2606 3440 praecipua

295 3436 387 3486 26.
440 3428 771 3484 Proculeiuss
820 3443 939 3481 wal·
991 3423 1208 3479 31¹1de
1263 3424 1363 3478 des
1474 3457 1675 3497 rerum.
1717 3446 1768 3510 6,
1796 3446 1865 3495 45
1901 3444 2318 3497 simulationum
2354 3443 2521 3510 falsa.

223 3502 409 3558 Varro
473 3498 715 3555 Murena
730 3539 745 3567 ,
822 3497 922 3553 der
986 3496 1109 3551 sich
1181 3511 1363 3564 gegen

223 3568 1050 3701 ᾓῖξὲεξὲἱὲθέἓὲᾚὲθίὴπ
1068 3567 1199 3621 dem
1227 3565 1365 3621 ΜΨ
1476 3598 1750 3669 Subjekte
1781 3617 1822 3655 s.
1856 3619 1924 3655 zu
1951 3606 2003 3670 2,
2033 3606 2119 3658 28.
2152 3633 2220 3641 —-
2248 3617 2464 3672 verqere
2490 3617 2605 3655 von

304 3720 393 3770 28.
439 3730 511 3769 ne
547 3713 679 3769 otiis
715 3712 1050 3781 permixtos,
1103 3724 1216 3763 neu
1267 3724 1365 3776 ge·
1474 3670 1574 3725 der
1611 3671 1750 3739 th,
1792 3690 1833 3727 ⁸·
1866 3689 1951 3742 ⁰P·
1984 3679 2032 3728 8·
2146 3760 2159 3773 ,
2296 3760 2309 3772 .

228 3785 453 3841 bfldete
535 3784 733 3851 braga,
780 3782 890 3837 wie
928 3786 980 3850 3,
1018 3784 1088 3835 33
1124 3779 1363 3835 Rham.
1545 3764 1598 3813 9.
1653 3766 1879 3845 secreto·
1910 3762 2035 3829 loca,
2089 3778 2195 3817 wie
2249 3762 2386 3815 hist.
2430 3766 2491 3829 1,
2537 3764 2604 3813 10

222 3859 452 3928 pondis
486 3856 737 3911 comitiis
769 3854 1120 3924 permixtum.
1472 3833 1735 3886 secretum
1769 3833 1962 3888 Aswe·

306 3934 394 3985 32.
447 3914 607 3982 Uber
649 3927 753 3982 das
789 3922 1081 3994 tropische
1116 3922 1367 3978 volutare
1547 3916 1648 3975 42.
1688 3925 1736 3976 1.
1774 3920 2089 3978 Montanus
2123 3937 2240 3976 war
2275 3919 2367 3974 ein
2394 3918 2604 3973 talent-

233 4017 278 4057 s.
308 4018 377 4055 zu
406 4016 439 4055 c
482 4040 496 4053 .
530 4005 614 4054 12.
655 4029 724 4039 -
760 3998 1049 4052 inmiscere
1083 3993 1145 4047 in
1179 3991 1371 4061 Bezug
1477 3989 1660 4047 voller
1704 3992 1921 4047 Rhetor
1965 3994 2080 4048 und
2128 3990 2358 4059 eifriger
2394 3987 2603 4043 Dekla-

236 4072 336 4126 auf
452 4071 951 4139 erschwagerung,
1025 4066 1214 4119 zuei-st
1274 4062 1369 4117 bei
1478 4063 1691 4131 mator,
1757 4063 1868 4119 den
1923 4065 2025 4120 der
2078 4062 2304 4119 Redner
2359 4060 2602 4115 Scaurus

232 4141 354 4200 Liv.
373 4147 430 4209 4,
451 4148 504 4208 4,
526 4147 559 4195 6
588 4157 659 4196 ne
694 4138 1102 4208 adfinitatibtoe,
1136 4149 1206 4190 ne
1235 4149 1367 4203 pro·
1478 4149 1676 4203 wegen
1731 4134 1913 4217 scine}-
1968 4135 2127 4190 stark
2189 4130 2450 4216 poetisch
2505 4148 2603 4201 ge-

225 4213 652 4284 pinquitatibns
703 4212 1096 4266 inmisceamur
1158 4209 1370 4271 cavent,
1478 4204 1705 4259 ffirbten
1733 4205 1969 4261 Diktion
1996 4207 2106 4261 den
2124 4204 2271 4259 vad
2299 4205 2466 4258 unter
2493 4202 2605 4257 den

235 4302 304 4341 ne
350 4286 595 4341 societur
638 4283 888 4353 sanquis.
962 4276 1221 4334 Tiberius
1261 4276 1370 4333 soll
1478 4276 1740 4333 Rednern
1774 4279 2002 4332 nannte.

1546 3532 1597 3582 8.
1627 3515 1778 3584 Uber
1806 3546 2100 3585 commeare
2124 3530 2233 3584 mit
2257 3529 2604 3585 sachliehem

2064 4362 2175 4417 15*
