2867 4625
911 98 1133 153 LIBER
1167 97 1314 156 XIII.
1365 99 1519 155 CAP.
1559 107 1690 156 21-
1702 106 1787 156 25.

191 272 315 332 tam

2433 106 2520 170 95

376 268 563 350 grata
625 262 946 329 Pallantis
1010 262 1384 328 innocentia
1449 284 1644 348 quam
1709 266 1927 349 gravis
1993 268 2296 351 superbia
2368 268 2520 354 fuit3

192 355 409 441 quippe
452 352 806 419 nominatis
852 352 1105 417 libertis
1151 353 1330 454 eius,
1364 374 1528 456 quos
1577 354 1872 419 conscios
1917 356 2211 441 haberet,
2256 377 2520 441 respon-

190 445 277 509 dit
323 443 484 507 nihil
539 463 848 527 umquam
903 462 971 506 se
1035 441 1210 506 domi
1263 441 1394 507 nisi
1449 445 1614 507 nutu
1670 445 1785 508 aut
1838 466 2037 509 manu
2102 446 2520 531 significasse,

187 533 277 599 vel
314 534 368 597 si
403 533 595 616 plura
633 530 1138 597 demonstranda
1175 534 1410 614 essent,
1453 531 1696 616 scripto
1733 554 1942 617 usum,
1987 555 2069 599 ne
2106 556 2332 601 vocem
2374 557 2521 601 con-

188 623 466 688 sociaret.
549 619 797 685 Burrus
851 620 1145 705 quamvis
1190 641 1338 685 reus
1393 621 1567 685 inter
1613 620 1854 686 iudices
1902 624 2292 689 sententiam
2339 624 2518 689 dixit.
2560 639 2630 689 10

187 711 558 795 exiliumque
605 709 967 775 accusatori
1010 709 1390 795 inrogatum
1435 713 1505 774 et
1548 710 1812 775 tabulae
1851 715 2115 777 exustae
2162 718 2335 799 sunt,
2381 714 2518 799 qui-

185 800 291 865 bus
336 800 714 865 oblitterata
759 798 994 863 aerarii
1039 797 1308 864 nomina
1352 798 1743 864 retrahebat.

338 887 500 952 Fine
546 888 701 953 anni
748 888 945 953 statio
992 887 1278 953 cohortis
1327 887 1621 952 adsidere
1667 888 1839 953 ludis
1884 889 2079 955 solita
2126 890 2516 975 demovetur,
2538 891 2628 956 24

186 1000 299 1062 quo
342 977 552 1042 maior
598 977 841 1061 species
887 976 1212 1041 libertatis
1259 980 1457 1061 esset,
1502 979 1700 1061 utque
1738 978 1923 1043 miles
1969 980 2279 1044 theatrali
2323 981 2518 1045 licen—

182 1068 299 1132 tiae
339 1088 476 1132 non
518 1067 876 1151 permixtus
920 1065 1359 1151 incorruptior
1405 1068 1630 1150 ageret
1666 1068 1732 1131 et
1776 1067 1999 1150 plebes
2045 1068 2230 1133 daret
2275 1069 2517 1152 experi-

181 1160 481 1239 mentum,
546 1176 630 1219 an
691 1155 930 1219 amotis
993 1154 1368 1219 custodibus
1427 1154 1815 1220 modestiam
1873 1157 2199 1223 retineret.
2292 1158 2518 1223 urbem

179 1246 464 1329 princeps
511 1244 813 1309 lustravit
857 1265 935 1308 ex
981 1264 1294 1327 responso
1341 1242 1787 1328 haruspicum,
1834 1245 2008 1330 quod
2052 1245 2225 1312 Iovis
2274 1268 2349 1311 ac
2393 1245 2516 1311 Mi·
2556 1260 2586 1309 5

179 1355 396 1399 nervae
447 1333 635 1398 aedes
682 1332 785 1400 de,
807 1332 987 1398 caelo
1031 1336 1247 1397 tactae
1295 1335 1501 1398 erant.

337 1422 410 1499 Q.
448 1420 721 1487 Volusio
759 1420 830 1486 P.
869 1419 1170 1506 Scipione
1209 1422 1584 1487 consulibus
1623 1422 1827 1487 otium
1864 1422 2051 1507 foris,
2094 1422 2286 1489 foeda
2341 1424 2518 1489 domi
2537 1423 2626 1488 25

177 1513 454 1596 lascivia,
519 1533 649 1596 qua
702 1508 881 1577 Nero
943 1511 1181 1575 itinera
1233 1511 1413 1575 urbis
1471 1514 1537 1574 et
1598 1511 1939 1594 lupanaria
1994 1514 2061 1576 et
2124 1512 2519 1578 deverticula

178 1605 338 1667 veste
384 1601 607 1666 servili
643 1600 713 1663 111
758 1599 1348 1665 dissimulationem
1387 1600 1490 1664 sui
1527 1600 1925 1684 compositus
1971 1603 2366 1684 pererrabat,
2412 1623 2518 1667 co-

180 1691 547 1755 mitantibus
603 1690 715 1773 qui
759 1692 1066 1774 raperent
1108 1688 1472 1754 venditioni
1519 1690 1828 1791 ’exposita
1883 1691 1950 1753 et
1994 1690 2206 1756 obviis
2251 1691 2520 1756 vulnera

180 1779 496 1863 inferrent,
536 1778 842 1843 adversus
878 1778 1146 1863 ignaros
1186 1777 1367 1860 adeo,
1401 1782 1479 1843 ut
1513 1779 1656 1861 ipse
1691 1798 1948 1863 quoque
1987 1779 2316 1881 exciperet
2348 1784 2515 1844 ictus
2555 1794 2585 1842 5

181 1872 237 1933 et
277 1889 383 1934 ore
437 1867 814 1951 praeferret.
899 1866 1126 1932 deinde
1182 1866 1297 1931 ubi
1344 1863 1690 1933 Caesarem
1745 1888 1887 1933 esse
1944 1868 2055 1952 qui
2110 1873 2519 1954 grassaretur

177 1959 496 2061 pernotuit
559 1955 1086 2041 augebanturque
1149 1955 1426 2019 iniuriae
1492 1955 1797 2020 adversus
1869 1956 2042 2020 viros
2114 1956 2518 2042 feminasque

177 2046 476 2131 insignes,
534 2049 600 2110 et
654 2044 916 2129 quidam
969 2044 1288 2129 permissa
1332 2044 1533 2109 semel
1586 2043 1849 2108 licentia
1904 2045 2024 2109 sub
2079 2046 2344 2110 nomine
2389 2045 2455 2112 N
2456 2067 2516 2110 e

177 2136 341 2200 ronis
384 2134 581 2199 inulti
623 2133 904 2218 propriis
950 2155 1095 2198 cum
1143 2133 1358 2219 globis
1405 2133 1629 2198 eadem
1675 2133 2085 2217 exercebant,
2134 2135 2205 2198 in
2251 2134 2515 2199 modum

180 2224 565 2309 captivitatis
601 2244 731 2287 nox
771 2224 1114 2310 agebatur3
1151 2220 1484 2306 Iuliusque
1511 2221 1864 2287 Montanus
1903 2224 2215 2288 senatorii
2254 2223 2515 2308 ordinis,

179 2313 276 2378 sed
337 2315 450 2399 qui
505 2312 794 2379 nondum
857 2314 1170 2378 honorem
1233 2312 1649 2397 capessisset,
1714 2332 2101 2397 congressus
2166 2312 2336 2378 forte
2398 2334 2517 2396 per

176 2404 462 2468 tenebras
504 2424 651 2468 cum
685 2402 997 2487 principe,
1035 2401 1189 2486 quia
1224 2402 1290 2467 vi
1329 2402 1828 2485 attemptantem
1858 2402 2092 2466 acriter
2127 2402 2514 2485 reppulerat,

180 2490 392 2557 deinde
452 2491 796 2576 adgnitum
852 2494 1178 2574 oraverat,
1235 2490 1422 2575 quasi
1479 2491 1960 2574 exprobrasset,
2024 2492 2191 2554 mori
2247 2490 2513 2556 adactus

239 2706 316 2756 11.
359 2706 587 2758 exustae
628 2706 789 2768 sunt,
844 2701 1025 2757 damit
1071 2701 1152 2756 sie
1207 2717 1281 2756 an

176 2771 361 2829 keinen
398 2772 616 2829 cediert
649 2773 875 2827 werden
909 2773 1177 2827 konnten.

241 2849 316 2900 12.
363 2846 683 2901 oblitterata
725 2845 954 2900 nomina
1007 2843 1133 2898 sind
1188 2842 1280 2912 „in

177 2912 595 2986 Vergessenheit
654 2918 920 2985 geratene
974 2913 1280 2969 Forderun-

177 2989 321 3053 geu‘fl
360 3018 430 3028 —
466 2987 778 3043 retrahebat
818 2985 873 3042 d.
899 2987 954 3041 h.
994 3003 1055 3040 er
1089 2985 1281 3041 wollte

178 3055 247 3111 810
306 3058 635 3128 einklagen,
700 3056 804 3113 auf
855 3055 1281 3127 gerichtlichem

178 3124 336 3198 Wege
372 3128 684 3184 einziehen.

237 3304 326 3362 24.
377 3312 427 3363 1.
476 3306 618 3362 Eine
657 3304 906 3361 Kohorte
952 3304 1051 3358 der
1087 3303 1282 3359 Prato-

176 3375 343 3432 rianer
375 3378 542 3433 hatte
579 3377 670 3432 die
697 3376 932 3442 Wache,
968 3394 1066 3430 um
1091 3374 1285 3445 Unfug

176 3463 235 3500 zu
275 3449 625 3505 verhindern
700 3446 839 3503 Dal's
893 3446 974 3501 sie
1008 3446 1169 3501 nicht
1214 3463 1283 3500 zu

177 3519 470 3574 entbehren
521 3536 665 3587 war,
721 3518 869 3589 zeigt
917 3517 1023 3601 ΚΡ
1063 3522 1131 3571 25
1187 3533 1281 3571 am

178 3587 507 3648 80111018.-
545 3592 878 3657 demovetim
914 3589 1022 3644 wie
1057 3589 1263 3646 hist.4

178 3663 237 3713 58
287 3663 522 3718 tolerant
575 3663 848 3718 obsidium
903 3661 1137 3732 leqiones
1184 3676 1283 3715 nec

176 3735 362 3788 terrore
396 3739 500 3789 aut
524 3734 818 3805 promissis
853 3733 1215 3788 demoventar.

239 3908 331 3966 25.
380 3918 429 3966 1.
478 3911 591 3967 Der
625 3910 802 3965 Vater
847 3909 1029 3964 dieses
1068 3909 1132 3976 Q.
1171 3908 1284 3965 Vo-

176 3977 333 4036 lusius
388 3982 742 4050 Saturninus,
801 3981 909 4036 mit
960 3980 1282 4036 Vornamen

178 4049 383 4131 Lucius,
419 4054 576 4109 reich
602 4055 718 4109 und
746 4053 1078 4135 angesehen‚
1115 4051 1283 4105 stirbt

176 4120 230 4176 in
271 4124 590 4181 demselben
627 4127 662 4181 J
664 4126 799 4180 01110
837 4127 952 4194 (56)
996 4123 1079 4177 im
1121 4123 1282 4177 Alter

177 4209 280 4249 von
304 4202 371 4252 93
398 4198 623 4254 Jahren.
665 4196 718 4252 S.
745 4196 854 4267 ΚΡ.
877 4201 961 4250 30.
994 4226 1061 4235 --
1092 4193 1280 4263 Scipio

178 4260 247 4320 ist
303 4267 400 4322 der
453 4267 605 4324 Sohn
668 4268 767 4324 des
799 4215 1282 4337 pgleichnamigen

1388 2699 1660 2770 Konsuls,
1706 2700 1807 2755 der
1851 2700 2055 2756 vorher
2100 2699 2185 2755 als
2226 2699 2409 2770 Legat
2452 2701 2512 2754 in

1390 2771 1590 2825 Afrika
1627 2772 1858 2841 gedient
1894 2772 2070 2826 hatte.
2129 2777 2182 2841 3,
2223 2778 2306 2826 74.

1462 2849 1512 2896 2.
1559 2844 1890 2898 deverticula
1925 2842 2209 2911 Kneipen,
2253 2844 2511 2912 popinae.

1462 2919 1513 2968 5.
1551 2915 1715 2980 adeo,
1751 2914 1812 2967 in
1840 2914 2197 2982 Anastrophe
2234 2914 2378 2968 auch
2405 2911 2510 2983 Kp.

1391 2990 1478 3041 35.
1541 2983 1667 3039 Val.
1712 2984 1859 3040 Max.
1899 2991 1951 3052 9,
1987 2991 2019 3040 3
2070 2986 2179 3039 ext.
2219 2990 2251 3039 3
2299 2989 2514 3039 matare

1390 3057 1551 3123 adco3
1599 3059 1754 3112 sonst
1786 3074 1892 3111 nur
1927 3056 2020 3110 bei
2055 3054 2328 3111 Dichtern
2364 3056 2512 3110 110011

1387 3128 1620 3195 multus,
1664 3142 1928 3198 maynus,
1974 3131 2148 3193 totus,
2193 3127 2330 3182 aber
2366 3127 2511 3181 ohne

1387 3198 1532 3268 Folg
1533 3200 1698 3253 esatz.

1462 3216 1532 3324 6.8
1550 3270 1713 3324 Nach
1756 3271 1858 3325 ubi
1900 3270 2019 3325 erst
2058 3267 2313 3336 Perfekt,
2361 3268 2514 3322 daun

1389 3340 1725 3409 Imperfekt,
1770 3340 1877 3395 wie
1913 3341 2059 3395 nach
2093 3356 2171 3409 po
2255 3356 2386 3394 uam
2424 3344 2510 3404 12,

1389 3418 1453 3535 (131.-
1497 3384 1725 3493 1131101180
1750 3411 1846 3466 bei
1883 3410 2103 3478 Caesar,
2148 3410 2222 3465 Sa
2248 3410 2362 3465 lust
2396 3379 2512 3463 und

1435 3499 1598 3536 unus.

1459 3558 1510 3607 8.
1546 3553 1647 3607 sab
1683 3553 1918 3607 nomine.
1993 3552 2121 3622 Vgl.
2169 3558 2254 3621 16,
2295 3557 2360 3606 19
2407 3551 2510 3606 sub

1386 3624 1702 3678 nominibus
1747 3624 2090 3678 eaeozetoram.
2147 3629 2197 3688 2,
2236 3629 2320 3677 33.
2370 3628 2420 3692 5,
2459 3627 2508 3677 4.

1390 3694 1542 3749 Suet.
1583 3694 1702 3749 Oct.
1742 3700 1811 3748 55
1848 3694 1950 3749 sub
1989 3695 2168 3750 alieno
2202 3695 2435 3749 nomine.

1462 3770 1545 3821 10.
1602 3766 1898 3834 captivitas
1958 3765 2038 3819 ist
2099 3765 2199 3819 der
2262 3764 2511 3819 Zustand

1390 3836 1545 3892 einer
1600 3836 1894 3892 eroberten
1951 3835 2391 3903 Stadt.16,16
2445 3835 2510 3888 in

1389 3908 1708 3978 captivitate
1743 3909 1981 3964 arbium.

1463 3985 1545 4034 11.
1583 3981 1681 4050 qui
1716 3981 1961 4035 nondum
1996 3979 2250 4033 honorem
2278 3978 2376 4032 ctt.
2432 3975 2511 4029 Er

1388 4051 1550 4106 hatte
1588 4051 1708 4107 0180
1746 4052 1894 4106 110011
1929 4049 2089 4105 nicht
2133 4048 2224 4104 die
2267 4048 2510 4130 Quastur

1387 4123 1708 4191 verwaltet‚
1770 4139 1889 4178 war
1952 4122 2087 4176 aber
2143 4120 2297 4175 Sohn
2358 4119 2509 4174 eines

1390 4194 1657 4249 Senators
1696 4194 1832 4249 oder
1868 4209 2022 4264 eques
2056 4192 2311 4248 illustris.

1467 4272 1549 4320 13.
1588 4266 1808 4336 adiyere
1844 4282 1889 4323 c.
1928 4264 2026 4320 inf.
2067 4283 2108 4321 s.
2146 4282 2213 4318 zu
2250 4269 2302 4331 4,
2341 4268 2426 4318 29.

2557 2237 2620 2287 10
