2867 4625
918 105 1142 162 LIBER
1176 106 1246 163 II.
1321 107 1480 165 CAP.
1519 115 1748 165 67—70.

2395 111 2522 177 137

211 266 508 333 custodiae
552 268 725 354 regis
773 269 1129 355 adpositus,
1181 271 1363 355 quasi
1398 293 1518 355 per
1552 271 1720 337 iram
1758 271 1974 357 gladio
2014 294 2161 338 eum
2198 274 2525 360 transigit.

210 355 352 421 unde
400 357 606 429 maior
656 357 819 423 fides
875 359 1274 426 conscientia
1327 360 1587 426 sceleris
1633 366 1702 427 et
1744 365 1923 427 metu
1977 362 2205 428 indicii
2250 368 2526 429 mortem
2568 378 2637 428 10

208 442 442 510 Vononi
483 445 776 512 inlatam.

355 532 445 599 At
517 534 938 603 Germanicus
1007 533 1316 623 Aegypto
1388 559 1690 603 remeans
1765 542 2027 623 cuncta,
2109 560 2273 625 quae
2356 539 2527 625 apud
2547 538 2634 605 69

207 622 466 706 legiones
523 629 637 689 aut
690 626 885 691 urbes
943 625 1253 709 iusserat,
1307 626 1562 692 abolita
1613 626 1717 692 vel
1773 628 1842 691 in
1888 629 2291 693 contrarium
2335 650 2529 694 versa

206 713 773 887 ᾌἯέῗὲῶῗὲ
831 734 1079 870 ἓιῖῗῖῗ.
1117 714 2047 871 ἱᾶῖἕὲἒιξωῑῃῖὲἒὲἲὲἓὲἶ
2059 766 2077 802 ⁷
2131 718 2527 872 ”issffimffi

204 889 357 955 abire
392 888 585 957 Suria
629 893 879 959 statuit.
950 914 1103 958 mox
1150 892 1423 958 adversa
1471 892 1845 959 Germanici
1888 892 2261 959 valetudine
2307 893 2524 960 deten-
2565 908 2596 958 5

203 985 311 1061 tus,
349 980 462 1045 ubi
502 986 865 1047 recreatum
911 983 1160 1066 accepit
1203 984 1484 1068 votaque
1529 1004 1650 1067 pro
1695 981 2147 1048 incolumitate
2185 983 2525 1048 solveban-

201 1070 310 1150 tur,
341 1068 633 1135 admotas
659 1070 930 1152 hostias,
967 1071 1394 1137 sacrificalem
1425 1075 1835 1157 apparatum,
1860 1070 2099 1137 festam
2127 1071 2527 1138 Antiochen·

202 1156 345 1221 sium
378 1157 632 1242 plebem
669 1181 786 1244 per
818 1160 1084 1226 lictores
1122 1161 1486 1246 proturbat.
1550 1164 1691 1225 tum
1732 1157 2097 1226 Seleuciam
2135 1160 2529 1246 degreditur,

202 1247 520 1329 opperiens
588 1248 1090 1334 aegritudinem,
1162 1270 1329 1333 quae
1400 1271 1661 1315 rursum
1726 1247 2112 1315 Germanico
2188 1250 2526 1316 acciderat.

201 1355 435 1400 saevam
481 1336 619 1401 vim
663 1338 875 1403 morbi
921 1338 1208 1423 augebat
1250 1338 1589 1422 persuasio
1625 1338 1863 1403 veneni
1898 1360 1939 1403 a
1973 1337 2211 1404 Pisone
2249 1338 2527 1425 accepti;
2569 1353 2637 1403 ιο

202 1427 257 1488 et
294 1425 778 1510 reperiebantur
823 1427 965 1493 solo
1013 1448 1090 1492 ac
1135 1426 1499 1512 parietibus
1546 1430 1770 1493 erutae
1819 1426 2254 1493 humanorum
2302 1449 2527 1512 corpo·

199 1533 324 1577 rum
382 1514 727 1600 reliquiae,
800 1517 1089 1582 carmina
1153 1521 1220 1580 et
1282 1515 1663 1582 devotiones
1730 1519 1796 1580 et
1856 1537 2098 1582 nomen
2157 1514 2529 1582 Germanici

199 1602 496 1685 plumbeis
555 1604 799 1671 tabulis
857 1604 1295 1689 insculptum,
1353 1604 1628 1671 semusti
1686 1605 1934 1670 cineres
1995 1627 2072 1670 ac
2125 1606 2276 1671 tabe
2340 1604 2529 1672 obliti

203 1690 432 1776 aliaque
504 1694 830 1779 malefica,
903 1696 1048 1780 quis
1123 1694 1407 1760 creditur
1479 1693 1730 1760 animas
1801 1693 2178 1760 numinibus
2254 1694 2528 1761 infernis

202 1800 437 1847 sacrari.

200 1867 445 1934 adversa
489 1872 823 1936 rimantes,

544 1782 739 1848 simul
804 1783 992 1849 missi
1057 1805 1097 1848 a
1158 1781 1396 1849 Pisone
1461 1783 1929 1848 incusabantur
1991 1787 2068 1849 ut
2133 1783 2527 1849 valetudinis
2568 1796 2635 1847 15

351 1958 451 2024 Ea
488 1957 876 2026 Germanico
920 1959 1096 2026 haud
1141 1961 1359 2026 minus
1403 1961 1504 2025 ira
1550 1983 1744 2047 quam
1789 1981 1906 2045 per
1950 1963 2197 2026 metum
2244 1963 2525 2045 accepta.
2551 1960 2640 2025 70

201 2044 249 2109 si
286 2046 476 2113 limen
523 2048 954 2129 obsideretur,
1011 2050 1066 2114 si
1112 2049 1534 2115 effundendus
1580 2049 1849 2135 spiritus
1896 2049 2017 2114 sub
2065 2049 2269 2114 oculis
2314 2049 2526 2115 inimi-

202 2154 398 2201 corum
441 2137 645 2223 foret,
699 2138 853 2224 quid
900 2138 1129 2206 deinde
1174 2138 1577 2204 miserrimae
1626 2138 1913 2223 coniugi,
1968 2138 2122 2224 quid
2167 2138 2528 2204 infantibus

201 2221 396 2290 liberis
443 2227 868 2315 eventurum?
941 2228 1125 2294 lenta
1167 2227 1370 2293 videri
1414 2226 1754 2293 veneficia:
1812 2227 2123 2292 festinare
2170 2231 2237 2292 et
2280 2247 2529 2313 urgere,

203 2316 266 2377 ut
311 2317 732 2402 provinciam,
786 2322 864 2383 ut
915 2318 1205 2404 legiones
1260 2317 1439 2385 solus
1490 2316 1750 2382 habeat.
1842 2316 1954 2381 sed
2006 2338 2139 2382 non
2194 2338 2397 2402 usque
2453 2337 2529 2381 eo
2569 2334 2601 2382 ὁ

206 2400 501 2471 defectum
552 2404 1039 2491 Germanicum,
1082 2409 1292 2490 ne'que
1336 2406 1631 2489 praemia
1676 2406 1893 2471 caedis
1941 2405 2113 2489 apud
2160 2404 2530 2470 interfecto·

205 2510 323 2556 rem
364 2516 693 2561 mansura.
765 2495 1101 2580 componit
1147 2495 1482 2581 epistulas,
1527 2495 1672 2579 quis
1713 2494 2069 2559 amicitiam
2106 2494 2167 2558 εί
2203 2493 2535 2560 renuntia-

203 2578 323 2666 bat3
383 2582 634 2649 addunt
698 2584 993 2669 plerique
1056 2585 1306 2650 iussum
1367 2583 1704 2668 provincia
1768 2581 2091 2648 decedere.

2193 2604 2313 2648 nec
2375 2581 2531 2647 Piso

204 2674 469 2737 moratus
507 2674 686 2737 ultra
720 2673 907 2738 navis
946 2673 1168 2757 solvit,
1204 2672 1789 2756 moderabaturque
1827 2672 2060 2755 cursui,
2098 2693 2227 2756 quo
2264 2672 2533 2757 propius

203 2760 647 2846 regrederetur,
693 2762 752 2826 si
797 2783 975 2827 mors
1022 2761 1392 2827 Germanici
1441 2760 1697 2827 Suriam
1745 2760 2121 2844 aperuisset.
2572 2777 2641 2826 10

263 2938 307 2987 9.
358 2936 673 3006 adpositus,
728 2936 837 2992 πίε
896 2943 953 3005 1,
993 2942 1025 2991 6
1079 2937 1304 2992 tribuno
1409 2936 1728 3005 praemissi,
1765 2934 2017 3005 Vellejus
2062 2936 2350 3005 dispositi,
2397 2935 2533 2991 Cur-

208 3007 464 3061 custodiae
500 3008 754 3077 adposito
1410 3008 1524 3062 tius
1559 3007 1896 3063 nuntiaturi.

261 3074 380 3201 ἐξ]
390 3085 438 3132 1.
475 3066 634 3133 Uber
659 3078 768 3134 den
794 3077 1024 3134 Ablativ
1054 3079 1305 3150 Aeyypto

206 3160 244 3197 ⁸·
384 3189 398 3202 .
425 3155 474 3215 ᾖ.
505 3155 592 3205 34.

266 3222 311 3272 5.
355 3221 507 3276 abire
544 3221 745 3289 Suria,
785 3220 890 3277 wie
927 3237 1013 3291 cp.
1047 3226 1113 3275 19
1150 3221 1305 3277 abire

205 3288 417 3346 sedibus.
481 3291 743 3347 Plautus:
781 3294 930 3348 urbe.

267 3364 312 3414 ’1.
359 3363 688 3431 sacrificalis
735 3381 842 3418 nur
886 3363 1008 3419 hier
1052 3363 1169 3418 und
1212 3361 1308 3417 bei

207 3426 474 3497 Spateren.
509 3464 579 3474 —
608 3434 914 3490 Antiochia
950 3450 1043 3488 am
1070 3436 1307 3488 unteren

206 3496 338 3554 Lauf
357 3502 454 3559 des
485 3505 751 3572 Orontes3
784 3504 1041 3562 Seleucia
1068 3505 1166 3575 lag
1186 3503 1308 3559 drei

207 3567 394 3629 Meilen
439 3576 785 3645 westlicher,
843 3594 917 3631 an
966 3578 1065 3632 der
1111 3576 1305 3631 Kfiste.

212 3669 264 3680 —
298 3645 462 3770 felgus
497 3664 610 3702 von
645 3646 930 3703 Personen
966 3646 1148 3703 findet
1184 3645 1305 3702 sich

209 3729 300 3767 nur
389 3733 465 3772 er.

270 3789 315 3840 8.
376 3789 441 3843 de
506 3790 596 3845 edi
647 3788 823 3845 heisst
873 3789 935 3845 in
986 3788 1304 3844 nachklass.

213 3851 318 3910 Zeit
347 3860 437 3913 nic
477 3861 506 3913 t
541 3876 646 3915 nur
682 3859 1131 3931 „hinabgehen“,
1180 3877 1305 3916 son-

213 3924 333 3981 dern
347 3928 453 3985 wie
470 3931 719 3987 decedere
745 3932 891 3987 auch
912 3931 1308 4002 „weggehen“.

213 3991 668 4058 Handschriftlich
714 4003 870 4059 steht
916 4021 975 4058 es
1017 4003 1080 4057 in
1129 4001 1311 4057 dieser

214 4061 522 4144 Bedeutung
539 4074 663 4130 hier
679 4075 796 4129 und
810 4079 862 4143 4,
887 4079 972 4129 73.
997 4079 1082 4128 74.
1115 4079 1202 4140 11,
1222 4078 1308 4128 21.

278 4144 353 4197 15.
369 4145 523 4200 missi
538 4144 1003 4213 substantivisch,
1026 4143 1201 4199 schon
1218 4142 1311 4199 bei
1408 4159 1582 4214 propt

216 4204 319 4268 Cas.
333 4213 384 4267 b.
399 4233 452 4284 g.
470 4220 517 4286 5,
534 4222 622 4284 40,
657 4217 809 4270 darm
828 4215 973 4270 oster
989 4215 1085 4272 bei
1099 4214 1310 4270 Livius.

218 4275 281 4334 So
312 4283 614 4353 gebraucht
640 4286 815 4342 Casar
850 4287 1083 4357 dimissi,
1117 4284 1312 4341 Livius

1488 3077 1583 3135 70.
1621 3083 1673 3132 2.
1709 3078 2000 3145 effundere,
2040 3078 2146 3133 wie
2181 3076 2338 3148 Virg.
2376 3077 2443 3133 A.
2483 3084 2532 3145 1,

1412 3155 1483 3205 98
1520 3149 1764 3204 animam
1798 3148 1944 3204 hanc
1979 3150 2269 3218 effundere.
2314 3179 2389 3191 —
2431 3150 2534 3203 sub

1411 3220 1601 3284 oculis,
1640 3238 1683 3274 s.
1712 3237 1781 3273 zu
1818 3235 1904 3288 cp.
1934 3226 2023 3275 35.

1412 3295 1533 3416 ht
1583 3291 1799 3360 liberis,
1835 3290 2088 3346 namlich
2124 3288 2386 3361 Caligula
2418 3289 2535 3344 und

1532 3378 1583 3419 a.

1486 3438 1535 3489 6.
1600 3434 1867 3500 defectum
1928 3432 2048 3488 scil.
2102 3432 2317 3487 viribus
2379 3432 2535 3498 „ent-

1412 3503 1684 3571 krafteffl,
1721 3504 1828 3558 wie
1864 3508 1917 3570 4,
1946 3508 2015 3558 29
2053 3504 2257 3570 defecto
2293 3517 2530 3573 corpore.

1413 3574 1479 3628 In
1517 3573 1730 3630 diesem
1768 3573 1938 3629 Sinne
1972 3574 2232 3643 poetisch
2272 3592 2327 3629 u.
2365 3573 2534 3629 nach-

1412 3644 1706 3701 klassisch.

1488 3723 1538 3772 7.
1585 3716 1864 3786 ερίειαῐαε.
1923 3703 2076 3772 Uber
2112 3715 2222 3771 den
2257 3714 2451 3771 Plural
2490 3733 2533 3770 s.

1413 3805 1483 3842 zu
1527 3794 1573 3856 1,
1602 3793 1688 3844 30.

1488 3865 1538 3915 9.
1572 3859 1807 3929 propius
1843 3858 2037 3926 „mehr
2063 3875 2164 3914 aus
2192 3858 2295 3915 der
2319 3858 2533 3926 Nahe“,

1415 3930 1523 3986 wie
1559 3935 1596 3984 4
1609 3972 1622 3999 ,
1660 3936 1694 3985 5
1748 3930 1901 3987 haud
1949 3931 2147 4000 procul
2201 3931 2530 3986 accii-entur.

1418 4009 1469 4069 6,
1508 4007 1576 4057 26
1610 4003 1845 4071 propius
1890 4003 2093 4057 viseret.
2172 4006 2257 4068 13,
2296 4006 2363 4057 57
2400 4016 2533 4070 pro·

1408 4074 1545 4142 pius
1573 4074 1782 4128 audiri.
1849 4071 1921 4128 So
1952 4073 2084 4142 sagt
2110 4072 2286 4127 sehon
2311 4069 2533 4127 Cicero:

1571 4144 1651 4199 'us
1705 4144 1926 4211 audire,
1982 4144 2182 4213 procul
2235 4142 2535 4209 defendere,

1419 4213 1618 4269 Casar:
1652 4215 1849 4284 proc-nd
1883 4214 1991 4267 tela
2026 4214 2282 4277 conicere,
2318 4210 2533 4266 Livium

1419 4285 1683 4353 iaculari,
1705 4283 1919 4339 Sallust
1937 4283 2053 4336 und
2073 4281 2326 4336 Curtius:
2346 4283 2533 4338 visere.
