2867 4625
862 99 1082 155 LIBER
1116 99 1263 156 XIV.
1320 99 1477 155 CAP.
1514 105 1746 155 41-44.

2390 100 2519 166 153

176 287 302 331 non
344 265 815 348 existimabam,
859 268 934 329 ut
979 266 1276 329 maneret
1319 264 1665 350 integrum,
1712 263 1770 329 si
1815 264 2075 347 quando
2119 284 2226 329 res
2263 264 2523 349 publica

179 354 454 421 consiliis
499 354 802 440 eguisset.
876 353 1047 438 quod
1092 352 1287 418 hodie
1333 353 1567 437 evenit,
1613 352 1940 419 consulari
1974 352 2115 418 viro
2152 353 2330 419 domi
2367 375 2521 419 suae

177 444 504 509 interfecto
558 465 675 528 per
722 442 995 507 insidias
1044 442 1335 526 serviles,
1389 463 1552 526 quas
1595 464 1787 507 nemo
1831 441 2170 525 prohibuit
2217 446 2334 507 aut
2376 465 2523 528 pro·
2565 459 2631 510 10

180 532 331 597 didit
382 532 675 618 quamvis
730 532 1017 597 nondum
1073 553 1388 597 concusso
1446 535 1710 596 senatus
1767 531 2095 615 consulto,
2153 530 2327 616 quod
2374 554 2523 616 sup-

178 622 434 706 plicium
479 622 604 687 toti
648 620 937 686 familiae
982 620 1428 686 minitabatur.
1522 619 1844 686 decernite
1893 619 2154 685 hercule
2198 621 2525 704 inpunita·

177 715 326 796 tem,
386 714 464 776 ut
516 732 708 796 quem
764 710 1053 794 dignitas
1112 731 1231 774 sua
1286 709 1619 794 defendat,
1681 731 1826 775 cum
1880 709 2293 793 praefectura
2343 710 2525 775 urbis

176 820 300 864 non
354 799 716 884 profuerit?
808 820 998 886 quem
1048 821 1355 865 numerus
1405 820 1737 864 servorum
1782 801 2074 883 tueatur,
2132 820 2281 863 cum
2323 797 2525 863 Peda-

176 889 344 954 nium
411 887 774 955 Secundum
839 887 1295 974 quadringenti
1355 910 1490 954 non
1555 888 1999 972 protexerint?
2106 888 2211 952 cui
2273 886 2524 953 familia
2565 908 2633 957 15

179 1000 356 1064 opem
400 978 587 1063 ferat,
635 1000 800 1063 quae
844 1000 929 1043 ne
972 980 1042 1044 in
1090 982 1266 1042 metu
1309 978 1568 1062 quidem
1606 977 1895 1061 pericula
1929 980 2158 1042 nostra
2194 975 2519 1041 advertit?

179 1089 280 1153 an,
323 1071 399 1133 ut
445 1067 708 1154 quidam
754 1069 998 1153 fingere
1042 1089 1176 1134 non
1223 1068 1639 1151 erubescunt,
1683 1066 1960 1131 iniurias
2009 1087 2158 1130 suas
2203 1067 2379 1130 ultus
2427 1068 2529 1130 est

176 1157 569 1242 interfector,
635 1156 791 1243 quia
852 1158 929 1222 de
992 1160 1264 1241 paterna
1322 1156 1591 1241 pecunia
1648 1158 2059 1241 transegerat
2113 1158 2227 1220 aut
2280 1155 2525 1220 avitum

176 1247 560 1331 mancipium
625 1246 1130 1312 detrahebatur?
1220 1246 1717 1330 pronuntiemus
1771 1245 1943 1310 ultro
2000 1245 2335 1311 dominum
2389 1246 2529 1309 iure

179 1350 424 1401 caesum
470 1334 694 1401 videri.

2568 1355 2638 1404 20

341 1425 538 1491 Libet
584 1430 972 1512 argumenta
1018 1424 1398 1530 conquirere
1445 1425 1516 1490 in
1555 1446 1630 1489 eo
1667 1424 1842 1510 quod
1879 1423 2384 1507 sapientioribus
2423 1422 2530 1488 de·
2549 1429 2641 1493 44

180 1514 520 1580 liberatum
568 1516 714 1580 est?
775 1516 887 1580 sed
934 1520 1001 1580 et
1045 1516 1102 1580 si
1146 1536 1319 1580 nunc
1363 1515 1644 1599 primum
1683 1513 2094 1579 statuendum
2130 1511 2536 1596 haberemus,

179 1604 516 1669 creditisne
573 1626 832 1669 servum
887 1603 1316 1669 interficiendi
1371 1603 1617 1669 domini
1673 1603 1966 1668 animum
2024 1601 2408 1687 sumpsisse,
2460 1604 2535 1665 ut

181 1714 304 1758 non
347 1716 481 1760 vox
524 1694 746 1759 minax
787 1693 1126 1778 excideret,
1170 1693 1337 1757 nihil
1373 1715 1490 1777 per
1524 1692 1962 1757 temeritatem
1998 1688 2533 1776 proloqueretur?

183 1804 342 1869 sane,
380 1782 730 1849 consilium
767 1782 1134 1865 occultavit,
1169 1783 1373 1847 telum
1409 1781 1584 1846 inter
1617 1782 1886 1865 ignaros
1913 1780 2201 1866 paravit.
2237 1801 2394 1844 num
2428 1800 2538 1843 ex·
2573 1801 2606 1849 5

183 1872 394 1938 cubias
445 1872 744 1956 transire,
791 1871 1073 1938 cubiculi
1108 1872 1282 1937 fores
1320 1871 1667 1956 recludere,
1712 1871 1931 1935 lumen
1969 1869 2228 1952 inferre,
2273 1867 2536 1934 caedem

182 1965 441 2045 patrare
485 1965 747 2047 poterat
790 1959 1092 2027 omnibus
1138 1959 1416 2026 nesciis?
1507 1960 1719 2024 multa
1766 1960 2024 2025 sceleris
2071 1957 2311 2023 indicia
2354 1977 2538 2041 prae-

182 2051 476 2116 veniunt.
533 2051 702 2117 servi
749 2051 806 2116 si
849 2049 1158 2153 prodant,
1211 2071 1558 2134 possumus
1606 2049 1851 2134 singuli
1895 2049 2067 2113 inter
2111 2047 2357 2132 plures,
2410 2045 2539 2110 tuti

182 2139 343 2205 inter
389 2141 641 2225 anxios,
686 2143 1046 2225 postrem0‚
1094 2139 1151 2203 si
1196 2138 1591 2223 pereundum
1639 2139 1744 2224 sit,
1789 2159 1926 2202 non
1971 2136 2166 2202 inulti
2212 2136 2385 2200 inter
2427 2156 2541 2198 no-

185 2233 392 2294 centes
457 2249 666 2314 agere.
761 2231 1060 2312 suspecta
1106 2227 1460 2293 maioribus
1505 2228 1749 2293 nostris
1796 2227 2060 2291 fuerunt
2103 2224 2365 2309 ingenia
2410 2244 2646 2298 ser-10

183 2339 435 2403 vorum,
499 2319 697 2383 etiam
763 2341 910 2384 cum
972 2318 1044 2382 in
1100 2318 1276 2403 agris
1334 2321 1449 2381 aut
1505 2318 1806 2382 domibus
1862 2316 2067 2381 isdem
2123 2316 2543 2379 nascerentur

186 2408 648 2492 caritatemque
688 2406 1094 2472 dominorum
1133 2406 1360 2471 statim
1399 2407 1782 2491 acciperent.
1852 2408 2202 2490 postquam
2240 2424 2392 2468 vero
2430 2424 2541 2467 na-

258 2658 307 2705 9.
343 2652 634 2707 consulari
668 2652 804 2707 viro.
848 2657 1004 2718 6,11
1042 2651 1216 2706 heisst
1251 2667 1311 2706 es

187 2740 292 2778 von
314 2724 630 2793 Augustus,
667 2721 789 2776 dats
826 2739 888 2776 er
924 2724 1016 2777 bei
1053 2723 1154 2777 der
1178 2722 1311 2777 Ein-

188 2797 420 2863 setzung
456 2793 558 2848 der
586 2793 1048 2863 Stadtprffl’ektur
1080 2795 1314 2862 sumpsit

189 2882 214 2918 e
267 2864 657 2920 consularibus
697 2866 796 2934 qui
840 2870 1104 2921 coerceret
1144 2866 1312 2919 servi-

190 2938 268 2990 tia
309 2942 362 2990 et
409 2937 558 3020 quod
603 2938 808 2990 civium
850 2937 1094 2991 audacia
1137 2936 1313 2991 twrbi-

191 3008 342 3073 dum,
377 3007 498 3061 mei
531 3008 644 3061 vim
677 3012 897 3061 metuat.

258 3084 344 3132 13.
393 3084 460 3131 ut
495 3095 649 3147 quem
685 3109 752 3118 —
794 3079 1069 3146 defendat.
1145 3078 1314 3132 Diese

197 3147 315 3203 hier
364 3146 604 3203 dreimal
649 3148 1090 3208 vorkommende
1134 3149 1317 3219 graci-

195 3219 447 3274 sierende
475 3220 643 3273 For-m
682 3220 782 3273 der
808 3220 993 3286 Frage
1017 3219 1315 3274 innerhalb

196 3290 289 3344 des
316 3291 666 3345 Finalsatzes
691 3289 770 3345 ist
796 3291 890 3344 bei
916 3289 1046 3346 Tac
1082 3286 1180 3344 ἅπ.
1212 3288 1313 3360 seq,

195 3362 305 3415 und
339 3362 519 3415 findet
555 3360 677 3415 sich
714 3360 1029 3416 ausserdem
1065 3361 1160 3417 bei
1187 3361 1312 3415 Ter.

196 3430 331 3553 11⁸}un.
360 3437 464 3486 572
485 3431 595 3502 fg„
633 3432 815 3487 selten
849 3431 943 3487 bei
974 3432 1167 3487 Cicero
1205 3432 1319 3485 und

237 3520 399 3558 wius.

265 3579 348 3628 14
417 3571 536 3628 Hat
591 3573 722 3628 Tac.
784 3572 1043 3628 wirklich
1107 3588 1170 3627 so

199 3644 502 3711 echi-ichen,
534 3661 597 3699 so
625 3643 773 3698 mufs
802 3645 903 3698 das
931 3643 1318 3698 handschriftl.

199 3716 438 3770 tuebitur
491 3714 554 3769 in
597 3721 821 3769 tueatur
866 3715 1144 3798 geandert
1185 3730 1324 3769 wer-

202 3784 323 3855 den,
349 3803 467 3842 was
486 3786 793 3856 jedenfalls
821 3785 1107 3841 einfacher
1124 3784 1214 3854 ist,
1237 3786 1324 3840 als

200 3871 357 3910 wenn
402 3874 535 3912 man
579 3856 687 3911 mit
730 3857 900 3911 Halm
950 3863 1012 3912 at
1058 3857 1199 3910 statt
1241 3861 1323 3920 ut,

202 3926 381 3982 ferner
427 3928 678 3995 defendet
721 3928 840 3982 und
884 3929 1022 3995 feret
1058 3928 1322 3982 schreibt.

273 4004 355 4053 16.
429 4001 494 4053 iu
545 4004 707 4054 metu.
782 3998 1047 4054 Gemeint
1099 3999 1177 4054 ist
1231 3999 1324 4053 die

203 4065 412 4123 Furcht
456 4070 557 4125 der
603 4068 851 4124 Sklaven
898 4085 1001 4125 vor
1045 4069 1147 4124 der
1184 4069 1325 4124 Hin-

209 4137 484 4210 richtung.

281 4214 362 4265 18.
393 4217 636 4280 paterna
662 4213 907 4281 pecunia
943 4211 1057 4265 und
1093 4210 1172 4265 im
1199 4211 1326 4265 Fol-

207 4281 424 4348 genden
467 4283 679 4337 avitum
724 4283 803 4338 ist
849 4281 1094 4338 ironisch
1110 4324 1125 4351 ‚
1181 4283 1329 4337 denn

1380 2607 1386 2614 ἡ
1419 2650 1522 2705 der
1541 2649 1750 2705 Sklave
1778 2649 1881 2705 hat
1907 2649 2002 2705 bei
2021 2649 2129 2704 den
2148 2651 2395 2705 Romern
2411 2646 2547 2702 kein

1420 2721 1647 2791 eigenes
1694 2721 2013 2788 Vermcgen
2067 2720 2184 2776 und
2235 2721 2389 2775 kann
2441 2737 2548 2773 nur

1419 2792 1513 2846 fiir
1549 2793 1658 2846 den
1694 2792 1874 2846 Herrn
1910 2793 2212 2848 erwerben.

1498 2869 1580 2918 19.
1630 2864 1780 2918 ultro
1818 2863 2119 2932 „obenein‚
2155 2862 2304 2918 noch
2340 2861 2541 2929 dazu“;

1421 2951 1486 2990 so
1522 2933 1685 2988 nicht
1720 2935 1900 2988 selten
1934 2934 2030 2988 bei
2067 2935 2202 2990 Tac.

1495 3076 1593 3132 44.
1632 3084 1682 3131 2.
1712 3077 2063 3132 statuendum
2088 3076 2419 3131 haberemus,
2469 3075 2543 3130 So

1423 3150 1555 3217 sagt
1590 3148 1820 3202 Tacitus
1856 3149 2174 3216 dicendum,
2221 3148 2552 3216 responden-

1425 3221 1587 3286 dum,
1633 3220 2034 3286 excusandum,
2071 3220 2419 3273 tolerandum
2452 3218 2549 3273 ha·

1426 3290 1564 3345 bere.
1636 3289 1859 3344 Ebenso
1898 3289 2024 3345 Seu.
2061 3288 2148 3344 ira
2184 3295 2235 3355 2,
2277 3296 2328 3356 6,
2366 3295 2398 3342 2
2437 3288 2553 3343 und

1424 3360 1593 3415 beide
1646 3360 1874 3416 Plinius.
1951 3360 2169 3415 Cicero:
2235 3361 2404 3416 habeo
2468 3361 2551 3415 di-

1428 3447 1569 3497 cere,
1604 3432 1851 3486 scribere.

1502 3508 1552 3555 3.
1627 3503 1875 3556 animum
1938 3518 2145 3557 sumere
2210 3502 2366 3571 „sich
2431 3504 2554 3556 ent-

1266 3590 1321 3628 e·
1429 3571 1767 3627 schliefsen“
1817 3571 1961 3627 auch
2006 3574 2138 3629 hist.
2180 3581 2228 3642 1,
2267 3579 2363 3640 273
2408 3573 2557 3628 nach

1431 3643 1577 3698 Ovid
1612 3643 1741 3698 fast.
1785 3650 1831 3713 1,
1872 3649 1992 3699 147.

1504 3720 1553 3769 5.
1606 3714 1890 3781 excubias,
1936 3715 2220 3770 natfirlich
2265 3716 2409 3769 auch
2458 3731 2558 3770 aus

1432 3785 1681 3840 Sklaven
1715 3785 2040 3841 bestehend.

1504 3862 1554 3911 9.
1612 3858 1663 3911 si
1702 3859 2043 3926 pereundum
2086 3859 2186 3926 sit,
2234 3856 2353 3911 scil.
2390 3859 2560 3912 servis

1433 3927 1616 3996 (nicht
1650 3929 1848 3997 uobis).

1511 4005 1593 4052 12.
1631 3998 1740 4053 Mit
1774 4000 2026 4055 nationes
2054 3997 2196 4052 wird
2221 3997 2382 4052 nicht
2406 3997 2556 4053 blol's

1434 4070 1527 4124 die
1565 4070 1795 4138 Menge,
1844 4070 2083 4123 sondern
2124 4069 2271 4124 auch
2307 4069 2399 4123 die
2435 4086 2561 4124 ver-

1436 4141 1733 4195 schiedene
1761 4141 2176 4210 Abstammung
2212 4140 2558 4196 bezeichnet.

1436 4212 1565 4281 Vgl.
1606 4218 1658 4279 3,
1696 4218 1762 4265 53
1804 4212 2154 4278 familiarum
2189 4228 2477 4268 numerum
2513 4217 2563 4266 et

1437 4285 1705 4338 nationes,
