2867 4625
308 94 437 160 150

954 91 1300 149 CORNELII
1336 92 1584 149 TACITI
1619 91 1723 148 AN
1725 92 2012 149 NALIUM
2127 96 2134 111 ²

306 260 496 341 atque
550 256 723 322 ferro
778 259 1090 322 vastatur.
1183 255 1295 320 sed
1348 255 1514 320 nihil
1568 276 1768 340 aeque
1816 279 2009 340 quam
2053 256 2263 322 fames
2310 257 2660 342 adfligebat

305 345 592 412 serendis
645 345 942 432 frugibus
998 344 1383 428 incuriosos,
1440 348 1507 409 et
1552 346 1732 411 omni
1778 348 1992 410 aetate
2039 344 2120 410 ad
2171 346 2409 411 bellum
2457 368 2657 432 versa,

304 436 458 500 dum
504 437 765 501 nostros
812 438 1210 501 commeatus
1257 433 1382 498 sibi
1427 433 1780 500 destinant.
1853 438 2207 519 gentesque
2248 435 2655 518 praeferoces

204 540 271 590 10
307 523 556 589 tardius
603 524 685 588 ad
729 546 956 609 pacem
1000 522 1428 607 inclinabant,
1478 523 1634 607 quia
1677 522 1884 588 Iulius
1931 521 2368 589 Classicianus
2413 545 2658 590 succes-

309 634 422 678 sor
465 611 630 678 Cato
675 614 913 678 missus
960 617 1026 677 et
1071 611 1379 677 Suetonio
1425 611 1674 677 discors
1719 612 1965 678 bonum
2009 613 2344 697 publicum
2390 614 2657 697 privatis

309 701 752 768 simultatibus
808 702 1206 785 impediebat
1258 701 1774 786 disperseratque
1829 723 2071 765 novum
2123 702 2414 786 legatum
2472 722 2658 786 oppe-

305 791 599 855 riendum
663 813 832 875 esse,
889 791 1026 855 sine
1077 790 1310 855 hostili
1360 791 1461 856 ira
1516 793 1583 854 et
1637 789 1941 876 superbia
1994 790 2260 854 victoris
2313 790 2661 856 clementer

310 879 547 945 deditis
595 881 1061 945 consulturum.
1135 879 1330 944 simul
1373 880 1445 944 in
1491 879 1716 944 urbem
1763 878 2137 962 mandabat,
2179 879 2435 943 nullum
2481 900 2658 963 proe-

202 984 269 1032 15
308 968 547 1034 liorum
610 970 808 1034 finem
862 971 1337 1052 exspectarent,
1399 967 1528 1034 nisi
1582 968 2028 1032 succederetur
2082 965 2422 1051 Suetonio,
2485 968 2660 1033 cuius

308 1057 583 1123 adversa
627 1057 937 1142 pravitati
981 1057 1217 1141 ipsiuS,
1260 1079 1569 1141 prospera
1615 1056 1698 1121 ad
1742 1056 2074 1121 fortunam
2117 1057 2460 1122 referebat.

201 1146 287 1210 39
483 1146 696 1230 Igitur
736 1146 818 1212 ad
847 1145 1268 1230 spectandum
1295 1145 1675 1211 Britanniae
1705 1148 1948 1210 statum
1982 1145 2224 1210 missus
2263 1149 2364 1210 est
2400 1167 2437 1210 e
2474 1145 2659 1210 liber-

308 1235 396 1299 tis
443 1234 827 1319 Polyclitus,
882 1255 1124 1319 magna
1166 1233 1449 1300 Neronis
1507 1256 1621 1319 spe
1675 1256 1868 1318 posse
1914 1234 2301 1299 auctoritate
2348 1234 2489 1300 eius
2532 1256 2661 1300 non

312 1323 504 1388 modo
550 1323 721 1388 inter
764 1323 1054 1408 legatum
1090 1327 1703 1407 procuratoremque
1751 1322 2157 1388 concordiam
2203 1323 2408 1407 gigni,
2457 1323 2570 1388 sed
2605 1326 2666 1387 et

309 1412 585 1477 rebelles
630 1412 981 1477 barbarum
1029 1413 1282 1477 animos
1315 1434 1493 1496 -pace
1534 1412 1832 1495 conponi.
1903 1433 2023 1475 nec
2061 1411 2270 1476 defuit
2302 1411 2661 1494 Polyclitus

241 1517 274 1565 5
312 1523 441 1584 quo
487 1501 702 1566 minus
748 1501 1000 1585 ingenti
1043 1502 1302 1584 agmine
1339 1500 1570 1565 Italiae
1608 1499 1986 1583 Galliaeque
2033 1500 2275 1585 gravis,
2318 1504 2664 1585 postquam

312 1588 643 1671 Oceanum
695 1590 1182 1674 transmiserat,
1236 1589 1559 1654 militibus
1616 1610 1868 1674 quoque
1922 1590 2166 1653 nostris
2212 1589 2529 1655 terribilis
2572 1590 2662 1653 in-

308 1677 581 1743 cederet.
674 1678 787 1742 sed
841 1678 1141 1744 hostibus
1191 1678 1422 1743 inrisui
1466 1678 1619 1762 fuit,
1675 1678 1847 1763 apud
1893 1698 2057 1761 quos
2102 1678 2426 1762 flagrante
2473 1678 2662 1743 etiam

307 1770 449 1831 tum
485 1766 789 1831 libertate
824 1767 1115 1832 nondum
1152 1767 1416 1851 cognita
1453 1766 1905 1832 libertinorum
1941 1767 2235 1850 potentia
2272 1770 2439 1851 erat3
2476 1768 2663 1832 mira-

308 1855 672 1938 banturque
720 1855 891 1938 quod
938 1855 1066 1920 dux
1111 1859 1178 1920 et
1224 1855 1545 1920 exercitus
1591 1855 1761 1920 tanti
1806 1855 1962 1920 belli
2007 1855 2342 1921 confector
2381 1856 2663 1921 servitiis

206 1962 272 2012 10
313 1942 706 2008 oboedirent.
798 1947 1028 2009 cuncta
1080 1948 1306 2009 tamen
1361 1944 1446 2009 ad
1500 1945 1959 2029 imperatorem
2013 1945 2083 2008 in
2129 1945 2392 2009 mollius
2435 1945 2664 2027 relata3

312 2033 737 2117 detentusque
774 2032 965 2098 rebus
1005 2034 1311 2135 gerundis
1339 2031 1706 2116 SuetoniuS,
1740 2032 1916 2118 quod
1942 2036 2172 2115 postea
2196 2055 2442 2117 paucas
2470 2055 2667 2098 naves

306 2121 380 2185 in
423 2121 615 2186 litore
659 2121 1129 2207 remigiumque
1175 2122 1247 2186 in
1291 2123 1372 2186 iis
1421 2122 1748 2205 amiserat,
1792 2124 2129 2223 tamquam
2166 2121 2441 2186 durante
2476 2122 2667 2204 bello,

304 2209 560 2275 tradere
606 2210 958 2276 exercitum
995 2210 1304 2276 Petronio
1345 2209 1747 2295 Turpiliano,
1793 2210 1906 2294 qui
1941 2212 2075 2274 iam
2113 2211 2459 2276 consulatu
2494 2210 2664 2276 abie-

309 2357 359 2417 1,
399 2352 488 2420 51)
525 2349 642 2403 und
675 2351 899 2419 flamma
926 2367 992 2404 ac
1018 2351 1166 2418 ferro
1193 2349 1287 2405 bei
1314 2349 1426 2405 Cic.

305 2391 461 2490 piov.
500 2437 648 2475 cons,
689 2427 773 2477 10.

380 2478 611 2547 [Uber
638 2509 804 2563 aeque
829 2509 995 2563 quam
1021 2492 1102 2547 im
1128 2492 1430 2563 negativen

310 2562 470 2617 Satze
507 2580 551 2617 s.
588 2563 733 2618 Einl.
772 2569 819 2629 §-
860 2569 944 2618 93.

378 2639 430 2690 8.
467 2635 783 2689 incuriosus
817 2635 925 2689 mit
960 2636 1089 2689 dem
1115 2634 1288 2690 Dativ
1323 2652 1430 2689 11111

1609 2348 1962 2405 89.4.1)16
1998 2350 2295 2404 verkurzte
2332 2350 2502 2404 Form
2539 2350 2664 2404 bar-

1539 2422 1735 2476 barum
1772 2421 1925 2474 steht
1953 2421 2098 2474 auch
2129 2427 2212 2489 15,
2242 2426 2311 2475 25
2341 2437 2404 2475 so
2434 2420 2542 2474 wie
2571 2419 2666 2475 bei

1539 2490 1735 2546 Cicero
1771 2492 1889 2545 und
1924 2492 2133 2561 Nepos

1609 2568 1658 2617 5.
1698 2578 1804 2632 qao
1839 2565 2025 2617 miram
2062 2563 2206 2617 statt
2242 2562 2397 2631 quin,
2433 2562 2541 2616 wie
2584 2567 2668 2626 13,

1539 2639 1608 2687 14
1661 2651 1834 2703 neque
1881 2635 2162 2702 principis
2213 2634 2449 2688 auribus
2494 2634 2664 2687 absti-

306 2704 432 2760 hier
458 2705 573 2758 und
598 2705 730 2760 hist.
759 2712 811 2771 2,
843 2711 927 2774 14,
965 2709 1120 2761 sonst
1153 2704 1429 2761 sechsmal
1535 2721 1664 2759 nere
1686 2721 1792 2774 quo
1816 2707 2002 2760 minus
2020 2710 2327 2761 testaretur.
2365 2703 2494 2774 Vgl.
2515 2703 2664 2759 Einl.

312 2774 420 2830 mit
456 2776 583 2830 dem
621 2746 877 2832 Genetiv.

383 2853 434 2903 9.
470 2852 768 2917 yentesque.
847 2848 1000 2903 Statt
1036 2864 1138 2916 que
1174 2847 1439 2902 erwartet

311 2934 444 2972 man
473 2918 596 2973 61116
623 2919 982 2973 adversative
1009 2918 1280 2973 Partikel.
1326 2918 1434 2972 Ta-

311 2989 454 3045 citus
482 2989 587 3042 hat
613 2988 767 3044 disse
794 2989 1044 3060 logische
1070 2988 1439 3058 Verbindung

308 3059 762 3129 vernachlassigt
779 3062 896 3114 und
915 3060 1079 3114 daffir
1101 3060 1191 3114 die
1209 3060 1435 3114 lockere

311 3130 643 3201 kopulative
714 3130 1100 3199 Anknfipfung
1169 3129 1433 3199 gewahlt.

308 3200 450 3255 Eine
495 3200 686 3254 Liicke
733 3201 975 3255 braucht
1021 3216 1152 3254 man
1199 3201 1436 3255 deshalb

309 3272 468 3326 nicht
504 3288 572 3324 zu
608 3269 930 3325 statuieren.

384 3347 467 3396 11
527 3341 728 3395 bonwm
781 3341 860 3394 ist
913 3342 1120 3396 ebenso
1177 3342 1436 3396 substan-

310 3413 506 3468 tiviert
531 3412 637 3467 wie
667 3418 718 3481 3,
740 3418 808 3467 70
837 3414 1111 3484 eyreyiam
1134 3415 1434 3482 publicum.

317 3484 370 3538 S
399 3483 548 3538 Einl
587 3489 633 3549 ξ.
675 3490 724 3552 5,
762 3483 814 3540 b.
875 3484 1064 3538 Schon
1099 3484 1194 3539 bei
1222 3484 1439 3542 Sallust

315 3555 478 3610 Catil.
512 3560 581 3610 38
617 3555 819 3610 bonam
847 3556 1136 3623 publicum
1169 3556 1436 3610 simulan-

313 3632 391 3682 tes
446 3626 562 3680 und
610 3625 672 3680 in
716 3625 1035 3681 ahnlichem
1081 3626 1437 3681 Zusammen·

313 3698 501 3767 hange
527 3696 636 3751 wie
665 3697 834 3751 oben:
871 3696 1000 3766 Jug.
1027 3702 1096 3752 25
1123 3698 1209 3751 ita
1236 3698 1440 3752 bonum

306 3769 596 3839 publicam
613 3798 681 3807 —
692 3769 927 3837 privata
944 3769 1134 3837 qratia
1151 3769 1434 3823 devictum.

391 3846 473 3895 12.
513 3840 844 3908 disperserat
878 3856 975 3907 ae,
1013 3839 1118 3894 wie
1154 3844 1207 3906 4,
1244 3844 1317 3893 24
1353 3840 1439 3895 di·

315 3926 501 3979 sperso
544 3927 775 3965 rumore.
892 3926 925 3965 o
975 3911 1091 3964 erst
1124 3910 1205 3964 im
1242 3909 1441 3964 silber-

313 3998 424 4035 nen
461 3980 678 4036 Latein.

388 4057 474 4105 16.
521 4050 630 4105 Mit
675 4051 804 4105 dem
841 4050 1012 4106 Dativ
1050 4052 1329 4120 pravitati
1361 4051 1443 4106 ist

316 4120 410 4175 die
446 4121 805 4190 Praposition
840 4123 915 4176 ad
951 4121 1298 4175 koordiniert
1332 4122 1440 4175 wie

314 4196 367 4258 4,
425 4196 493 4245 46
543 4196 858 4261 promptum
913 4192 1157 4246 libertati
1211 4196 1311 4246 aut
1366 4194 1443 4247 ad

314 4267 536 4315 mortem
572 4263 847 4329 animum,
884 4262 1001 4316 und
1039 4260 1200 4317 oster.

1545 2781 1594 2851 ς
1619 2853 1668 2903 6
1697 2817 1975 2903 terribilis.
2011 2847 2090 2901 Er
2107 2845 2415 2901 verbreitet
2434 2846 2673 2901 Schrek-

1545 2919 1674 2985 ken‚
1717 2918 1852 2973 weil
1885 2935 1947 2973 er
1982 2918 2073 2973 ein
2109 2917 2428 2986 machtiger
2465 2915 2672 2973 (1111161,-

1544 2959 1674 3058 ling⁹
1703 2989 1795 3045 ist.

1619 3066 1665 3114 7.
1704 3061 1914 3114 inrisui
1950 3059 2095 3113 auch
2127 3057 2262 3114 hist.
2296 3064 2344 3126 1,
2376 3064 2423 3114 7.
2462 3059 2676 3113 derisum

1545 3130 1680 3212 Agr.
1718 3137 1805 3186 39.
1857 3130 2161 3185 deridiculo
2197 3146 2325 3183 ann.
2364 3135 2416 3196 3,
2456 3134 2540 3186 5⁷.
2619 3130 2674 3187 S.

1544 3201 1692 3257 Einl.
1731 3207 1777 3267 ξ.
1816 3207 1901 3269 31,
1939 3218 1989 3258 a.

1618 3280 1666 3328 9.
1716 3273 2003 3338 confector.
2078 3271 2192 3327 Der
2231 3269 2524 3341 Singula-r,
2567 3270 2677 3326 wie

1550 3352 1597 3411 1,
1656 3349 1724 3398 ’10
1783 3342 2069 3398 Gaesarem
2130 3343 2531 3412 exercitumque
2595 3359 2678 3396 re-

1544 3417 1749 3470 dacem.

1620 3491 1703 3539 10.
1768 3487 1833 3540 in
1886 3485 2108 3540 mollius
2155 3485 2353 3539 relata.
2429 3471 2682 3539 Khnlich

1550 3562 1632 3624 13,
1674 3561 1742 3611 14
1777 3558 1843 3611 in
1877 3557 2115 3611 detor-im
2148 3555 2367 3622 referre.
2434 3543 2592 3610 Uber
2617 3557 2684 3609 in

1546 3629 1946 3683 consecutivum
1984 3644 2027 3682 s.
2065 3625 2213 3680 Einl.
2248 3632 2297 3691 ς.
2335 3631 2425 3680 49.

1621 3703 1704 3752 11.
1742 3699 1903 3753 rebus
1927 3698 2193 3767 yerundis
2218 3695 2298 3751 ist
2322 3695 2512 3752 Dativ.
2566 3696 2685 3751 Der

1549 3768 1712 3823 Sinn:
1758 3786 1892 3824 man
1936 3767 2063 3823 liess
2099 3767 2202 3823 ihn
2236 3768 2318 3822 im
2353 3769 2539 3835 Amte‚
2581 3768 2685 3821 da·

1544 3839 1652 3895 mit
1687 3856 1748 3894 er
1785 3843 1882 3895 ott.

1621 3916 1703 3966 12.
1752 3912 1959 3966 durare
2005 3910 2405 3978 „fortdauern“
2440 3908 2588 3963 auch
2634 3914 2688 3974 1,

1547 3987 1635 4038 30.
1683 3988 1733 4050 3,
1785 3987 1850 4037 16
1894 3981 2012 4036 und
2058 3981 2231 4049 oster,
2278 3979 2687 4050 ursprflnglich

1547 4052 1915 4120 dichterisch‚
1961 4053 2024 4107 in
2068 4052 2169 4107 der
2204 4052 2382 4106 Prosa
2416 4052 2533 4105 erst
2569 4050 2688 4105 seit

1549 4121 1801 4178 Curtius.
1857 4132 1908 4191 3,
1956 4129 2006 4191 4,
2057 4128 2127 4178 10
2178 4124 2243 4176 in
2286 4123 2488 4192 quibus
2530 4121 2686 4176 nim

1544 4199 1765 4263 praeter
1802 4194 2008 4258 famam
2043 4195 2360 4250 duraverat.

1625 4271 1706 4322 13.
1756 4252 1909 4321 Uber
1964 4266 2264 4320 Petromus
2323 4281 2367 4319 s.
2421 4262 2530 4333 ΚΡ.
2591 4269 2684 4318 29.
