2867 4625
915 132 1134 187 LIBER
1169 132 1316 188 XIII.
1385 132 1539 189 CAP.
1580 140 1809 191 44—47.

2403 138 2536 201 113

160 298 230 359 et
297 294 452 379 quia
514 293 1060 379 flagrantissimus
1125 296 1196 359 in
1262 295 1549 360 amicitia
1607 294 1890 362 Neronis
1954 298 2347 365 habebatur:
2411 322 2532 367 nec

164 404 352 448 mora
401 383 560 467 quin
606 383 926 449 adulterio
975 383 1463 450 matrimonium
1507 384 1902 470 iungeretur.

344 469 519 537 Otho
577 472 714 538 sive
762 493 982 537 amore
1026 472 1326 538 incautus
1373 473 1638 538 laudare
1684 474 1962 540 formam
2009 476 2531 562 elegantiamque
2552 484 2640 548 46

160 561 388 626 uxoris
435 561 609 645 apud
654 561 1033 645 principem,
1080 562 1214 627 sive
1260 566 1334 627 ut
1374 562 1750 627 accenderet
1787 586 1879 648 ac,
1928 565 1983 629 si
2024 564 2248 630 eadem
2287 565 2533 632 femina

158 652 572 735 poterentur,
625 648 692 713 id
751 670 1005 735 quoque
1051 650 1378 716 vinculum
1423 652 1787 735 potentiam
1833 654 1893 718 ei
1941 653 2240 719 adiceret.
2332 677 2533 740 saepe

158 738 426 803 auditus
476 741 577 802 est
624 759 1020 824 consurgens
1069 761 1104 803 e
1152 741 1449 806 convivio
1498 738 1827 826 Caesaris,
1882 764 1950 806 se
1999 742 2256 826 quidem
2304 743 2398 808 ire
2447 745 2531 809 ad

156 827 369 911 illam,
408 827 537 892 sibi
565 848 940 893 concessam
968 827 1275 894 dictitans
1304 829 1730 914 nobilitatem,
1766 830 2338 916 pulchritudinem,
2374 837 2532 900 vota
2569 855 2604 904 5

160 916 458 981 omnium
506 919 573 980 et
617 915 853 1001 gaudia
886 916 1190 983 felicium.
1260 918 1364 982 his
1405 921 1598 1003 atque
1635 919 1877 983 talibus
1916 920 2353 986 inritamentis
2392 944 2532 986 non

155 1006 366 1090 longa
410 1005 742 1071 cunetatio
788 1005 1242 1088 interponitur.
1335 1006 1448 1071 sed
1504 1011 1771 1092 accepto
1818 1009 1999 1073 aditu
2046 1008 2353 1094 Poppaea
2397 1011 2531 1094 pri-

156 1115 344 1157 mum
391 1115 508 1177 per
553 1094 998 1159 blandimenta
1044 1098 1110 1159 et
1155 1097 1328 1160 artes
1376 1095 1720 1180 valescere,
1767 1097 2082 1182 imparem
2132 1099 2421 1183 cupidini
2459 1121 2530 1164 se

153 1185 224 1246 et
288 1182 505 1246 forma
559 1182 842 1249 Neronis
902 1187 1161 1267 captam
1218 1184 1562 1269 simulans;
1626 1207 1779 1250 mox
1837 1187 1967 1250 acri
2027 1187 2160 1251 iam
2214 1188 2529 1272 principis

152 1292 383 1336 amore
431 1270 512 1335 ad
559 1271 928 1355 superbiam
965 1276 1243 1357 vertens,
1290 1272 1348 1337 si
1382 1274 1557 1338 ultra
1594 1296 1789 1339 unam
1829 1275 2229 1360 alteramque
2264 1280 2528 1341 noctem
2567 1301 2639 1350 lo

153 1360 575 1443 attineretur,
629 1363 903 1443 nuptam
959 1381 1099 1425 esse
1157 1383 1225 1426 se
1281 1361 1585 1426 dictitans
1631 1384 1753 1427 nec
1796 1385 1991 1446 posse
2039 1365 2528 1430 matrimonium

150 1448 481 1532 amittere,
505 1448 892 1513 'devinctam
938 1448 1185 1516 Othoni
1227 1473 1346 1535 per
1391 1471 1596 1536 genus
1642 1452 1833 1536 vitae,
1882 1452 2053 1536 quod
2098 1474 2289 1518 nemo
2337 1453 2530 1518 adae-

152 1540 419 1621 quaret:
477 1537 664 1601 illum
721 1538 937 1602 animo
996 1541 1062 1602 et
1117 1538 1297 1603 cultu
1343 1540 1789 1624 magnificum,
1842 1540 1939 1604 ibi
1985 1563 2052 1605 se
2100 1562 2354 1606 summa
2397 1543 2530 1608 for-

153 1630 323 1689 tuna
373 1625 574 1711 digna
619 1627 853 1710 visere3
902 1629 972 1690 at
1016 1625 1370 1712 Neronem,
1415 1629 1661 1711 paelice
1708 1628 1945 1693 ancilla
1991 1633 2058 1693 et
2104 1630 2528 1695 adsuetudine

150 1714 362 1779 Actes
420 1714 818 1798 devinctum,
871 1714 1038 1779 nihil
1084 1737 1119 1780 e
1167 1717 1590 1782 contubernio
1639 1717 1859 1781 servili
1905 1718 2036 1785 nisi
2084 1719 2412 1785 abiectum
2459 1723 2528 1784 et
2569 1744 2636 1792 15

150 1803 495 1868 sordidum
538 1805 831 1868 traxisse.
912 1803 1187 1869 deicitur
1230 1804 1674 1870 familiaritate
1723 1810 1922 1891 sueta,
1967 1810 2123 1889 post
2169 1821 2524 1893 congressu

149 1896 220 1956 et
279 1893 602 1958 comitatu
660 1890 861 1976 Otho,
927 1895 992 1956 et
1049 1893 1125 1957 ad
1184 1897 1617 1977 postremum,
1681 1915 1764 1958 ne
1818 1895 1890 1959 in
1944 1896 2104 1959 urbe
2159 1897 2528 1962 aemulatus

149 1983 411 2066 ageret,
466 1981 843 2064 provinciae
889 1980 1266 2046 Lusitaniae
1310 1982 1711 2066 praeficitur3
1770 1983 1883 2047 ubi
1929 2005 2133 2068 usque
2183 1985 2264 2049 ad
2312 1986 2529 2051 civilia

152 2092 348 2134 arma
393 2090 529 2134 non
574 2090 652 2134 ex
696 2070 912 2153 priore
949 2069 1219 2135 infamia
1255 2071 1368 2136 sed
1401 2071 1656 2156 integre
1695 2076 2042 2156 sancteque
2081 2072 2236 2157 egit,
2282 2095 2526 2158 procax

152 2158 278 2223 otii
330 2161 399 2222 et
446 2158 792 2242 potestatis
839 2160 1327 2242 temperantior.

2566 2188 2639 2236 20

345 2245 680 2313 Hactenus
727 2245 902 2313 Nero
948 2247 1216 2333 flagitiis
1262 2252 1329 2314 et
1374 2248 1722 2315 sceleribus
1768 2249 2136 2315 velamenta
2183 2250 2523 2334 quaesivit.
2544 2261 2633 2326 47

148 2337 580 2420 suspectabat
635 2337 913 2401 maxime
961 2335 1335 2402 Cornelium
1383 2336 1657 2422 Sullam,
1713 2360 1933 2403 socors
1990 2340 2324 2423 ingenium
2382 2341 2522 2406 eius

148 2599 260 2669 ΚΡ.
307 2604 378 2653 12
425 2598 511 2653 als
547 2599 850 2655 Mitwisser
885 2600 984 2655 des
1022 2600 1287 2655 Verhalt-

149 2671 340 2725 nisses
378 2668 658 2725 zwischen
684 2671 834 2726 Nero
871 2672 986 2726 und
1021 2672 1119 2726 der
1145 2671 1287 2726 Acte

149 2742 433 2796 erwahnt.
964 2753 969 2758 ’

226 2819 316 2867 17.
394 2813 889 2881 flayrantissimus,
954 2813 1078 2868 eine
1142 2829 1286 2868 neue

149 2884 473 2953 Metapher.
534 2884 589 2938 S.
628 2902 697 2938 zu
741 2891 821 2954 11,
862 2890 929 2939 29
967 2885 1286 2953 flayrantis·

148 2957 298 3010 sima
336 2955 542 3024 qratia.

226 3030 317 3080 18.
403 3026 832 3081 matrimonium.
905 3025 1286 3081 Abweichend

152 3095 400 3152 hiervon
439 3099 567 3165 sagt
595 3097 725 3151 Tac.
764 3097 894 3151 hist.
930 3103 977 3165 1,
1009 3103 1102 3151 13:
1141 3097 1282 3165 Pop-

144 3184 357 3236 paeam
407 3166 705 3235 Sabinam,
759 3169 1081 3237 principale
1142 3184 1283 3223 scor-

152 3244 270 3292 tum
279 3279 300 3305 ,
356 3243 423 3293 ut
468 3240 622 3307 apud
666 3240 943 3294 conscium
988 3240 1285 3293 libidinum

150 3309 500 3379 deposuerat.
575 3310 738 3364 Danu
787 3312 903 3364 erst
947 3310 1093 3364 habe
1130 3310 1283 3365 Nero

154 3379 264 3434 den
328 3379 480 3434 Otho
547 3396 646 3434 aus
702 3380 1020 3435 Eifersucht
1073 3381 1283 3452 fortge·

153 3450 396 3506 schickt.

225 3592 326 3648 46.
368 3598 423 3647 6.
458 3594 672 3664 ρααάἰα
706 3594 785 3647 im
813 3594 1022 3662 Plural,
1062 3593 1167 3648 wie
1200 3599 1283 3662 14,

155 3667 189 3715 4
233 3664 354 3717 und
400 3663 463 3718 in
509 3665 658 3719 allen
710 3662 1032 3719 Zeitaltern.
1082 3695 1147 3705 —
1194 3666 1284 3719 in·

152 3734 473 3799 vitamentis
516 3734 593 3790 ist
629 3734 817 3790 Dativ.
858 3766 926 3775 —
963 3751 1076 3791 non
1120 3736 1285 3805 lonqa

156 3807 442 3861 ewnctatio
488 3807 587 3861 ctt.
662 3806 776 3861 Der
822 3805 960 3861 Sinn
1004 3807 1104 3861 ist:
1154 3807 1285 3862 zwi-

157 3877 334 3930 schen
352 3877 548 3932 diesen
566 3879 751 3932 ersten
762 3877 1155 3947 Anreizungen
1168 3879 1285 3932 und

159 3946 361 4017 denen,
401 3948 493 4003 die
521 3949 716 4019 folgen
743 3949 963 4018 soHten,
999 3947 1124 4003 liess
1153 3966 1287 4004 man

157 4017 286 4071 eine
315 4018 487 4074 kurze
514 4019 694 4074 Panse
723 4020 1018 4086 eintreten,
1052 4038 1150 4074 um
1178 4021 1287 4076 den

157 4087 314 4142 Nero
359 4090 521 4145 desto
567 4089 886 4161 begieriger
925 4108 994 4144 zu
1031 4092 1286 4148 macheu.

229 4165 281 4214 8.
311 4161 595 4231 imparem.
653 4162 744 4217 Sic
775 4162 982 4233 drangt
1009 4162 1130 4217 sich
1159 4163 1288 4218 dem

157 4228 365 4287 Kaiser
410 4232 513 4287 auf
542 4234 657 4287 und
692 4233 917 4304 fingiert
953 4232 1078 4289 eine
1116 4235 1287 4289 unbe-

159 4302 502 4373 zwingliche
538 4304 711 4360 Liebe
749 4322 817 4359 zu
853 4305 989 4360 ihm.

273 4402 385 4443 Tac.
413 4401 583 4445 Annal.
612 4406 676 4445 Π.

1473 2607 1556 2657 14.
1586 2600 1799 2670 paelice
1835 2602 2045 2657 ancilla
2081 2608 2131 2658 et
2159 2603 2527 2659 adsuetudine

1395 2674 1560 2727 Actes
1618 2671 1695 2726 ist
1747 2671 2074 2742 Hendiadys
2130 2692 2227 2727 zur
2281 2674 2527 2730 Hervor·

1394 2744 1623 2812 hebung
1660 2743 1759 2797 der
1792 2743 2080 2799 einzelnen
2108 2744 2393 2800 Momente
2422 2746 2523 2801 des

1396 2813 1730 2869 Vorwurfes.

1471 2891 1555 2940 15.
1608 2884 2024 2939 contubernium
2068 2885 2210 2940 hiess
2248 2887 2349 2942 das
2387 2887 2521 2943 ehe-

1393 2955 1543 3010 liche
1591 2955 1914 3010 Verbaltnis
1961 2956 2059 3010 der
2102 2955 2374 3025 Sklaven,
2425 2957 2520 3013 die

1392 3026 1527 3080 kein
1600 3026 2035 3096 rechtsgfiltiges
2103 3029 2520 3085 matrimonium

1393 3096 1695 3153 schliefsen
1732 3098 1997 3153 konnten.

1467 3174 1550 3223 17.
1608 3170 1915 3223 aemulatus
1969 3170 2115 3223 auch
2169 3168 2300 3225 hist.
2352 3177 2401 3239 3,
2456 3178 2526 3226 66

1393 3241 1657 3294 exstincto
1696 3241 1988 3296 aemulatu.
2051 3238 2184 3309 Agr.
2224 3246 2321 3308 463
2361 3246 2530 3298 sonst

1391 3309 1486 3365 bei
1521 3309 1746 3364 keinem
1786 3309 2210 3367 Schriftsteller.

1467 3387 1549 3436 19.
1581 3396 1799 3449 proeax
1834 3381 1940 3436 mit
1977 3382 2104 3436 dem
2135 3382 2272 3437 Gen.
2311 3384 2386 3438 ist
2417 3379 2519 3438 ἅπ.

1397 3449 1498 3520 sio.
1575 3450 1744 3506 Sonst
1790 3454 1936 3506 setzt
1977 3468 2036 3506 es
2074 3452 2204 3509 Tac.
2245 3453 2353 3509 mit
2389 3455 2521 3510 dem

1393 3521 1641 3576 Ablativ.

1465 3598 1552 3648 20.
1594 3598 1901 3662 temperans
1936 3593 2042 3648 mit
2078 3594 2206 3648 dem
2237 3594 2373 3650 Gen.
2413 3597 2521 3651 fin-

1394 3664 1493 3719 det
1530 3664 1648 3718 sich
1688 3664 1833 3718 auch
1871 3663 1963 3718 bei
1990 3664 2203 3720 Terenz
2240 3667 2355 3721 und
2384 3668 2516 3722 dem

1384 3735 1665 3805 jt’ingeren
1702 3733 1934 3790 Plinius.

1466 3876 1563 3932 47.
1615 3883 1661 3931 1.
1701 3876 2058 3931 velamentum
2103 3877 2163 3931 in
2207 3878 2527 3948 tropischer

1394 3947 1729 4017 Bedeutung
1765 3947 1943 4003 findet
1978 3948 2101 4002 sich
2128 3951 2243 4004 erst
2272 3950 2364 4004 bei
2393 3949 2523 4006 Sen.

1395 4019 1496 4075 vit.
1536 4020 1684 4074 beat.
1726 4024 1811 4087 12,
1847 4025 1881 4073 4
1918 4026 2235 4088 quaerentes
2271 4021 2523 4077 libidini-

1397 4092 1499 4146 bus
1515 4093 1633 4145 suis
1643 4091 2020 4160 patroeinium
2042 4091 2268 4160 aliquod
2286 4109 2354 4147 ae
2380 4095 2525 4147 vela-

1395 4168 1649 4217 mentum.
1699 4163 1764 4215 In
1792 4161 2162 4232 eigentlicher
2190 4163 2527 4233 Bedeutung

1395 4234 1581 4288 zuerst
1618 4233 1711 4289 bei
1748 4232 1893 4288 Ovid
1930 4234 2045 4288 und
2083 4232 2294 4291 Celsus.

1471 4310 1519 4358 5.
1559 4292 1711 4360 Uber
1745 4310 2052 4374 suspectare
2089 4324 2130 4361 s.
2171 4326 2240 4362 zu
2280 4312 2364 4374 12,
2404 4312 2496 4362 65.

2063 4401 2097 4451 8
