2867 4625
953 75 1173 131 LlssER
1207 76 1355 134 XVI.
1404 76 1562 134 CAP.
1592 82 1822 134 28—32.
2431 79 2561 145 237

155 241 378 305 tium.
463 243 686 305 vetera
729 238 920 305 haec·
976 239 1088 304 sed
1132 260 1355 305 recens
1401 242 1469 305 et
1515 262 1642 326 quo
1690 240 2053 323 discrimini
2098 243 2305 326 patris
2352 243 2555 308 filiam
2596 260 2628 309 5

154 329 604 411 conectebat,
667 328 840 413 quod
901 328 1246 412 pecuniam
1308 330 1521 414 magis
1585 329 1896 414 dilargita
1950 335 2142 396 esset.
2235 332 2557 398 acciderat

153 439 348 483 sane
400 418 648 501 pietate
686 414 998 482 Serviliae
1046 416 1140 502 (id
1177 417 1353 482 enim
1387 439 1630 484 nomen
1675 418 1932 502 puellae
1970 418 2151 507 fuit),
2199 433 2362 506 quae
2399 423 2558 487 cari-

153 511 325 573 tate
371 527 531 591 erga
575 509 938 591 parentem,
977 507 1172 572 simul
1215 506 1633 591 inprudentia
1668 509 1900 574 aetatis
1939 530 2072 574 non
2117 513 2337 574 tamen
2377 510 2554 576 aliud

152 596 682 662 consultaverat
744 618 942 680 quam
998 594 1078 660 de
1130 595 1581 662 incolumitate
1642 596 1898 680 domus,
1955 601 2022 662 et
2075 620 2160 662 an
2214 598 2554 682 placabilis

155 684 371 751 Nero
383 736 400 770 ,
457 706 543 751 an
587 684 877 769 cognitio
926 688 1191 750 senatus
1235 684 1403 749 nihil
1461 689 1653 750 atrox
1711 685 2008 751 adferret.
2102 687 2304 772 igitur
2349 689 2557 753 accita
2598 704 2664 752 10

158 778 284 842 est
344 774 419 839 in
475 777 800 859 senatum,
865 776 1310 858 steteruntque
1365 774 1607 840 diversi
1664 779 1817 841 ante
1872 774 2161 840 tribunal
2217 778 2556 842 consulum

160 863 460 950 grandis
506 885 667 928 aevo
715 884 969 946 parens,
1016 866 1242 928 contra
1286 862 1424 927 filia
1469 864 1646 928 intra
1690 864 2115 929 vicensimum
2161 864 2396 931 aetatis
2444 888 2553 930 an-

159 975 379 1036 num,
433 973 639 1036 nuper
693 952 929 1017 marito
977 952 1195 1017 Annio
1242 950 1539 1017 Pollione
1595 952 1667 1016 in
1721 953 1985 1018 exilium
2044 954 2232 1038 pulso
2288 954 2556 1020 viduata

165 1042 635 1126 desolataque,
673 1063 749 1106 ac
787 1061 871 1105 ne
907 1044 1160 1125 patrem
1198 1040 1457 1125 quidem
1495 1041 1775 1126 intuens,
1822 1043 2003 1107 cuius
2047 1064 2351 1108 onerasse
2387 1044 2554 1127 peri-

163 1131 338 1196 cula
384 1130 744 1197 videbatur.
2593 1145 2661 1194 15

372 1218 541 1283 Tum
595 1220 1043 1304 interrogante
1100 1222 1507 1302 accusatore,
1564 1241 1649 1283 an
1697 1219 1909 1285 cultus
1968 1219 2247 1305 dotales,
2303 1242 2389 1285 an
2443 1221 2550 1286 de—
2571 1218 2654 1284 31

169 1310 477 1373 tractum
522 1308 755 1375 'cervici
800 1308 1042 1374 monile
1086 1330 1327 1373 venum
1373 1308 1684 1393 dedisset,
1739 1329 1868 1392 quo
1923 1309 2264 1393 pecuniam
2310 1309 2567 1376 facien-v

170 1397 289 1463 dis
338 1396 612 1482 magicis
660 1397 860 1462 sacris
906 1397 1348 1481 contraheret,
1405 1396 1688 1481 primum
1737 1400 1946 1462 strata
1999 1398 2183 1463 humi
2225 1398 2552 1484 longoque

177 1486 356 1551 fletu
399 1489 467 1551 et
511 1486 787 1571 silenti0,
829 1489 983 1571 post
1028 1487 1263 1551 altaria
1308 1489 1373 1551 et
1419 1507 1602 1551 aram
1649 1486 1989 1571 complexa
2035 1486 2293 1553 nullos'
2341 1488 2554 1573 inquit

179 1574 457 1658 ‘impios
504 1575 686 1658 deos,
729 1575 943 1640 nullas
991 1575 1396 1659 devotiones,
1450 1596 1572 1640 nec
1616 1575 1793 1640 aliud
1840 1576 2204 1641 infelicibus
2249 1576 2551 1660 precibus
2590 1588 2622 1638 5

180 1664 498 1729 invocavi
544 1686 739 1747 quam
785 1668 862 1729 ut
905 1664 1076 1729 hunc
1122 1665 1448 1766 optimum
1492 1667 1745 1749 patrem
1789 1668 1890 1749 tu,
1936 1661 2202 1750 Caesar,
2248 1687 2392 1749 vOS,
2435 1688 2550 1750 pa·
2630 1693 2638 1700 ·

182 1756 352 1836 tres,
398 1753 745 1818 servaretis
790 1753 1202 1820 incolumem.
1269 1753 1362 1818 sic
1408 1774 1703 1839 gemmas
1742 1758 1807 1819 et
1842 1757 2055 1819 vestes
2093 1758 2162 1819 et
2206 1753 2550 1839 dignitatis

181 1841 482 1926 insignia
537 1841 710 1921 dedi,
768 1841 1091 1927 quomodo
1148 1843 1206 1908 si
1262 1843 1654 1928 sanguinem
1709 1845 1777 1907 et
1829 1842 2033 1908 vitam
2080 1844 2552 1928 poposcissent.

182 1930 477 1995 viderint
518 1931 649 2015 isti,
694 1931 968 1996 antehac
1005 1931 1167 1996 mihi
1213 1931 1443 2017 ignoti,
1487 1953 1616 2016 quo
1661 1932 1923 1997 nomine
1970 1932 2121 2017 sint,
2166 1954 2328 2017 quas
2377 1937 2550 1998 artes

187 2023 565 2084 exerceant:
610 2020 794 2084 nulla
839 2020 1000 2085 mihi
1046 2021 1359 2105 principis
1408 2021 1654 2086 mentio
1701 2020 1830 2084 nisi
1877 2020 2048 2085 inter
2091 2021 2364 2085 numina
2408 2020 2551 2086 fuit.
2591 2034 2657 2083 10

184 2108 402 2174 nescit
444 2110 663 2173 tamen
710 2109 1108 2174 miserrimus
1153 2112 1342 2194 pater
1387 2113 1481 2192 et,
1529 2110 1586 2174 si
1630 2108 1876 2176 crimen
1914 2112 2031 2194 est,
2078 2109 2219 2175 sola
2266 2109 2548 2194 deliqui?

372 2196 724 2281 Loquentis
771 2198 979 2262 adhuc
1024 2199 1224 2263 verba
1268 2198 1509 2282 excipit
1545 2195 1827 2263 Soranus
1880 2199 2368 2283 proclamatque
2412 2220 2549 2263 non
2570 2194 2658 2259 32

190 2286 381 2351 illam
429 2286 497 2351 in
532 2286 936 2373 provinciam
976 2308 1194 2353 secum
1238 2287 1617 2373 profectam,
1661 2308 1796 2353 non
1834 2286 2068 2353 Plauto
2111 2309 2230 2374 per
2267 2291 2548 2353 aetatem

190 2376 378 2441 nosci
421 2377 730 2461 potuisse,
775 2399 910 2442 non
946 2377 1324 2442 criminibus
1364 2377 1583 2442 mariti
1625 2398 1964 2442 conexam:
2010 2376 2251 2442 nimiae
2286 2381 2549 2443 tantum

193 2465 461 2549 pietatis
507 2488 686 2530 ream
733 2469 1126 2551 separarent,
1172 2468 1363 2551 atque
1409 2466 1548 2550 ipse
1581 2482 2064 2550 'quamcumque
2112 2469 2354 2532 sortem
2402 2468 2550 2532 sub-

193 2555 337 2618 iret.
428 2553 623 2619 simul
680 2554 753 2619 in
800 2555 1138 2638 amplexus
1183 2555 1579 2620 occurrentis
1633 2554 1806 2619 filiae
1852 2555 2110 2639 ruebat,
2164 2555 2293 2620 nisi
2351 2555 2549 2619 inter-
2587 2565 2621 2616 5

195 2643 349 2708 iecti
400 2642 664 2709 lictores
709 2644 1002 2729 utrisque
1048 2644 1476 2709 obstitissent.
1558 2665 1711 2708 mox
1765 2642 1953 2709 datus
2009 2644 2288 2709 testibus
2334 2644 2550 2730 locus3

196 2735 264 2796 et
301 2734 612 2816 quantum
649 2732 1125 2799 misericordiae
1164 2732 1439 2798 saevitia
1474 2732 1904 2798 accusatiduis
1942 2736 2367 2818 permoverat,
2402 2737 2549 2797 tan·

196 2822 340 2885 tum’
369 2821 506 2886 irae
543 2820 613 2886 P.
650 2821 974 2908 Egnatius
1012 2821 1201 2886 testis
1239 2822 1535 2889 concivit.
1604 2821 1807 2886 cliens
1844 2821 1951 2886 hic
1990 2820 2244 2906 Sorani,
2291 2825 2357 2887 et
2391 2824 2549 2887 tunc

268 3055 318 3103 5.
348 3054 527 3105 vetera
553 3050 709 3117 haec,
739 3050 986 3106 dieselbe
1015 3049 1316 3120 Wendung
1424 3049 1561 3104 sein.
1635 3048 1849 3103 Anders
1896 3048 2041 3103 Plin.
2086 3066 2217 3119 pan.
2264 3056 2292 3103 1
2353 3050 2549 3105 electus

201 3119 306 3176 wie
325 3126 407 3189 11,
425 3126 494 3176 23
523 3124 762 3176 recentia
787 3122 943 3177 haec.-
978 3122 1115 3191 quid
1143 3122 1198 3175 si
1216 3123 1315 3177 ctt.
1423 3122 1571 3175 inter
1606 3135 1739 3176 aras
1774 3125 1824 3175 et
1860 3121 2083 3175 altaria.

205 3232 212 3239 .
274 3195 355 3247 11.
384 3193 627 3258 diversi,
631 3193 916 3262 ‚einander
942 3192 1314 3275 gegeni’iber‘fi
1498 3198 1546 3246 6.
1594 3189 1702 3246 Mit
1755 3191 1864 3249 den
1915 3191 2153 3247 Worten
2205 3197 2293 3258 tu,
2343 3191 2562 3247 Gaesar-

276 3267 354 3317 1.3
373 3261 534 3317 Nach
558 3269 642 3332 15,
664 3269 729 3318 71
758 3280 877 3318 war
896 3265 1113 3318 Annius
1131 3262 1315 3318 Pollio
1423 3262 1565 3317 wird
1593 3262 1673 3317 sie
1712 3261 1831 3317 sich
1872 3279 1947 3317 an
1988 3262 2082 3317 ein
2110 3232 2410 3318 Stand’bild
2448 3263 2547 3318 des

201 3332 279 3388 im
313 3332 544 3402 vorigen
577 3335 614 3389 J
613 3335 747 3390 ahre
785 3335 870 3389 als
897 3333 1316 3389 Mitverschwo·
1423 3334 1794 3389 abwesenden
1814 3332 2039 3389 Kaisers
2059 3334 2325 3403 gewandt
2343 3333 2546 3389 haben.

204 3421 360 3460 rener
395 3404 492 3460 des
518 3405 649 3461 Piso
687 3406 964 3460 verbannt
999 3405 1243 3462 worden.
1426 3435 1494 3444 --
1533 3405 1659 3475 Vgl.
1698 3422 1766 3459 zu
1802 3412 1855 3472 6,
1891 3409 1925 3459 8
1963 3410 2147 3472 tumn,
2187 3404 2417 3471 Caesar,
2461 3422 2546 3475 ye-

271 3546 365 3603 81.
425 3554 471 3601 1.
519 3549 705 3602 cultus
749 3547 1313 3629 „Schmucksachen“
1421 3492 1662 3602 Ἣσ
1699 3576 1766 3584 -
1804 3547 2069 3616 quomodo
2117 3547 2263 3602 auch
2309 3545 2412 3616 K.
2458 3552 2543 3601 32.

206 3618 344 3673 auch
381 3624 589 3689 13,13.
653 3618 861 3688 Haufig
906 3618 987 3672 im
1034 3618 1312 3689 Singnlar.
1422 3623 1476 3686 4,
1503 3622 1589 3672 35.
1628 3616 1762 3670 dial.
1785 3624 1870 3672 36.
1908 3617 2131 3672 Petron.
2153 3623 2240 3674 38.
2281 3617 2430 3672 Cael.
2452 3629 2545 3701 ap.

274 3695 321 3744 4.
356 3661 515 3744 Nach
544 3690 768 3746 Servius
797 3688 923 3744 sind
959 3691 1169 3745 altaria
1204 3690 1314 3745 den
1422 3659 1534 3743 0⁹10.
1582 3687 1714 3744 fam.
1753 3693 1806 3756 8,
1843 3694 1893 3744 4.
1969 3688 2123 3744 Statt
2176 3690 2440 3758 quomodo
2493 3689 2545 3743 si

207 3759 458 3829 Gottern,
524 3777 660 3817 arae
720 3777 858 3831 verg
859 3762 1103 3816 otterten
1156 3762 1309 3816 Men·
1418 3759 1526 3814 hat
1560 3757 1693 3814 Tac.
1731 3760 1888 3815 sonst
1924 3764 1987 3815 ut
2021 3761 2086 3815 si.

207 3832 366 3887 schen
414 3833 674 3901 geweiht
747 3832 886 3887 Hier
935 3833 1145 3887 konnte
1193 3833 1314 3887 also

207 3903 300 3958 der
368 3903 528 3959 Altar
599 3904 688 3972 irg
689 3903 797 3958 end
870 3903 1021 3958 eines
1088 3902 1312 3958 Kaisers
1492 3900 1588 3958 32.
1627 3908 1678 3959 3.
1717 3917 1994 3968 conexam,
2037 3900 2144 3955 wie
2180 3900 2288 3971 ΚΡ.
2327 3906 2396 3955 30
2435 3901 2543 3956 dis-

206 3975 379 4030 neben
432 3974 559 4029 dem
614 3975 713 4029 der
762 3973 951 4030 Venus
1004 3965 1315 4045 gestanden
1421 3974 1645 4029 crimini
1671 3973 1988 4030 conectebat.
2027 3971 2130 4042 ΚΡ.
2157 3977 2223 4025 14
2247 3974 2542 4028 multorum

208 4045 398 4100 haben
473 4045 575 4101 Die
614 4045 896 4101 Situation
942 4046 1041 4100 der
1088 4046 1313 4101 Schutz-
1421 4045 1686 4101 amicitiis
1720 4045 2000 4100 innexum.

206 4116 491 4171 flehenden
529 4116 751 4172 scheint
786 4118 922 4172 aber
956 4135 1024 4171 zu
1071 4116 1314 4187 fordern,
1495 4121 1545 4172 5.
1583 4117 1792 4171 ruebat.
1841 4103 1992 4169 Uber
2029 4115 2137 4169 den
2176 4113 2460 4171 Indikativ
2500 4132 2541 4169 s.

207 4187 324 4242 dass
359 4204 465 4241 nur
488 4187 597 4242 Ein
624 4188 787 4243 Altar
822 4189 1076 4243 erwabnt
1102 4188 1314 4243 werde:
1423 4187 1570 4243 Einl.
1610 4192 1658 4253 ἓ.
1702 4192 1821 4255 103,
1850 4203 1900 4242 a.

210 4258 376 4315 daher
428 4275 561 4330 mag
612 4265 662 4315 et
706 4276 865 4316 aram
919 4259 1011 4316 ein
1061 4259 1315 4315 Glossem
1496 4263 1546 4316 8.
1586 4256 1648 4315 P.
1678 4258 1951 4328 Egnatius
1980 4255 2138 4313 Celer
2175 4273 2274 4313 aus
2304 4256 2543 4327 Berytus
