2867 4625
235 545 323 609 32

243 2501 330 2566 33

343 105 472 171 146

999 103 1346 161 CORNELII
1381 103 1626 160 TACITI
1661 103 2057 160 ANNALIUM

345 269 621 335 arduum
667 268 1010 333 videbatur
1056 268 1392 334 excindere
1439 268 1762 334 coloniam
1808 268 2009 333 nullis
2056 269 2479 334 munimentis
2528 291 2695 353 saep-

237 382 306 433 20
344 362 511 442 tam3
569 358 741 442 quod
800 357 1068 423 ducibus
1124 357 1367 422 nostris
1414 379 1645 441 parum
1689 357 2027 442 provisum
2073 361 2242 443 erat,
2297 358 2450 422 dum
2501 379 2700 423 amoe-

342 447 540 513 nitati
587 447 767 531 prius
816 469 1012 531 quam
1040 447 1207 511 ‘usui
1251 446 1630 512 consulitur.

521 534 700 600 Inter
745 558 910 621 quae
956 535 1139 600 nulla
1179 537 1394 619 palam
1433 557 1631 600 causa
1667 535 2004 620 delapsum
2041 533 2477 600 Camuloduni
2514 536 2697 600 simu·
2805 614 2806 619 ἵ

342 626 591 691 lacrum
637 624 970 690 Victoriae
1026 646 1101 689 ac
1156 626 1330 689 retro
1388 646 1798 707 conversum,
1854 625 2043 709 quasi
2088 625 2346 689 cederet
2386 624 2698 691 hostibus.

344 718 412 779 et
455 713 735 779 feminae
772 714 841 777 in
877 713 1164 779 furorem
1200 713 1504 778 turbatae
1544 713 1769 778 adesse
1807 713 2075 777 exitium
2113 714 2459 797 canebant,
2506 717 2699 777 exter-

342 825 592 887 nosque
637 803 934 867 fremitus
976 803 1044 867 in
1081 803 1260 868 curia
1297 824 1521 867 eorum
1560 801 1843 887 auditos3
1889 803 2310 868 consonuisse
2346 802 2697 867 ululatibus

272 916 306 965 5
343 892 675 957 theatrum
738 892 1073 975 visamque
1139 892 1415 975 speciem
1478 891 1548 956 in
1603 892 1927 956 aestuario
1984 890 2303 956 Tamesae
2360 892 2699 956 subversae

345 981 665 1046 coloniae:
729 981 860 1045 iam
917 980 1212 1045 Oceanus
1277 983 1543 1046 cruento
1611 983 1906 1063 aspectu,
1970 980 2295 1046 dilabente
2353 984 2544 1045 aestu
2597 979 2698 1045 hu·

343 1091 688 1135 manorum
737 1090 1081 1153 corporum
1127 1070 1376 1154 effigies
1422 1069 1704 1154 relictae,
1749 1072 1824 1133 ut
1859 1068 2193 1134 Britannis
2241 1068 2325 1133 ad
2367 1091 2575 1154 spem,
2616 1070 2701 1133 ita

342 1159 667 1224 veteranis
722 1158 805 1222 ad
860 1162 1103 1223 metum
1162 1157 1609 1223 trahebantur.
1701 1157 1816 1222 sed
1870 1159 2023 1241 quia
2076 1158 2305 1243 procul
2358 1156 2699 1223 Suetonius

344 1248 597 1331 aberat,
662 1247 950 1331 petivere
1012 1269 1052 1311 a
1110 1244 1272 1312 Cato
1327 1245 1619 1312 Deciano
1686 1251 2104 1331 procuratore
2160 1247 2502 1312 auxilium.
2601 1246 2700 1310 ille

240 1362 308 1410 10
344 1336 521 1401 haud
567 1336 847 1419 amplius
893 1358 1091 1421 quam
1138 1336 1448 1401 ducentos
1496 1337 1637 1400 sine
1680 1336 1874 1400 iustis
1912 1337 2107 1401 armis
2143 1336 2352 1419 misit3
2398 1343 2473 1400 et
2508 1336 2703 1399 inerat

343 1424 602 1491 modica
655 1424 937 1489 militum
991 1447 1242 1490 manus.
1331 1425 1540 1489 tutela
1584 1425 1813 1509 templi
1857 1424 2038 1509 freti,
2093 1428 2160 1489 et
2203 1424 2700 1509 impedientibus

343 1514 456 1600 qui
501 1514 737 1579 occulti
781 1514 1161 1579 rebellionis
1198 1513 1443 1580 conscii
1481 1513 1755 1579 consilia
1790 1513 2169 1596 turbabant,
2212 1535 2429 1597 neque
2466 1514 2700 1578 fossam

346 1607 461 1667 aut
504 1603 744 1667 vallum
783 1601 1262 1686 praeduxerunt
1306 1624 1516 1687 neque
1553 1603 1748 1668 motis
1788 1603 2049 1668 senibus
2086 1606 2155 1668 et
2188 1602 2457 1668 feminis
2498 1603 2700 1667 iuven·

344 1694 452 1756 tus
500 1693 641 1757 sola
685 1691 957 1756 restitit:
1016 1693 1200 1775 quasi
1254 1691 1470 1757 media
1514 1712 1674 1775 pace
1720 1692 1967 1756 incauti
2012 1691 2437 1756 multitudine
2484 1691 2702 1756 barba·

246 1803 312 1853 15
350 1801 572 1844 rorum
623 1779 1233 1847 circumveniuntur.
1324 1783 1390 1844 et
1435 1784 1650 1845 cetera
1695 1780 1955 1865 quidem
2000 1781 2249 1865 impetu
2295 1780 2564 1865 direpta
2606 1781 2704 1844 aut

349 1869 618 1933 incensa
673 1872 849 1951 sunt3
903 1870 1218 1954 templum
1274 1870 1342 1933 in
1397 1891 1526 1954 quo
1578 1891 1647 1934 se
1693 1870 1880 1933 miles
1925 1870 2467 1955 conglobaverat,
2524 1869 2703 1933 biduo

351 1955 690 2023 obsessum
738 1962 1326 2042 expugnatumque.
1416 1961 1486 2022 et
1531 1958 1739 2024 victor
1784 1957 2143 2023 Britannus
2189 1957 2434 2023 Petilio
2481 1956 2704 2023 Ceriali

349 2047 569 2130 legato
635 2045 913 2130 legionis
977 2068 1188 2111 nonae
1252 2046 1320 2111 in
1387 2047 1750 2112 subsidium
1816 2046 2193 2112 adventanti
2258 2046 2500 2111 obvius
2556 2045 2706 2110 fudit

347 2135 702 2220 legionem,
758 2138 824 2199 et
880 2135 1052 2219 quod
1097 2135 1387 2219 peditum
1433 2136 1776 2201 interfecit.
1867 2134 2141 2201 Cerialis
2187 2157 2335 2200 cum
2384 2135 2703 2221 equitibus

242 2249 312 2299 20
351 2224 562 2289 evasit
600 2224 669 2288 in
708 2227 925 2289 castra
963 2228 1029 2289 et
1064 2224 1482 2289 munimentis
1522 2223 1821 2289 defensus
1865 2228 1981 2290 est.
2055 2225 2185 2310 qua
2222 2223 2409 2289 clade
2453 2228 2522 2290 et
2557 2223 2703 2289 odiis
2747 2232 2757 2249 '

348 2314 737 2399 provinciae,
784 2336 978 2397 quam
1027 2313 1302 2379 avaritia
1348 2314 1486 2378 eius
1532 2314 1602 2379 in
1645 2314 1889 2379 bellum
1938 2318 2181 2400 egerat,
2222 2314 2528 2398 trepidus
2571 2333 2702 2398 pro-

353 2405 612 2467 curator
659 2399 861 2467 Catus
908 2402 978 2467 in
1027 2402 1310 2468 Galliam
1356 2403 1638 2468 transiit.

527 2491 621 2555 At
666 2488 1011 2556 Suetonius
1067 2492 1232 2556 mira
1291 2492 1660 2557 constantia
1704 2491 1952 2557 medios
1998 2492 2175 2565 inter,
2210 2491 2441 2557 hostes
2488 2490 2703 2557 Londi-

348 2580 533 2645 nium
580 2580 889 2664 perrexit‚
948 2575 1380 2665 cognomento
1433 2580 1693 2664 quidem
1740 2581 2033 2646 coloniae
2079 2599 2211 2645 non
2256 2581 2555 2667 insigne,
2607 2577 2702 2644 sed

352 2669 542 2755 copia
585 2669 1069 2754 negotiatorum
1117 2673 1183 2733 et
1228 2672 1709 2734 commeatuum
1755 2669 2033 2735 maxime
2080 2669 2348 2734 celebre.
2441 2670 2540 2735 ibi
2585 2689 2701 2733 am-

425 2866 511 2916 19.
566 2847 720 2915 Uber
776 2861 877 2916 aas
933 2862 1147 2917 sen-,eno
1196 2863 1481 2917 excindere

352 2950 396 2988 Β.
425 2949 509 3057 223.
539 2936 713 3057 2ἷ1α2ηὸι
755 3002 1012 3070 „indem“
1067 3002 1174 3057 mit
1217 3004 1482 3059 kausaler

352 3072 713 3142 Bedeussunffl
753 3091 796 3127 a.
835 3074 982 3127 Einl.
1020 3079 1066 3139 ς.
1107 3079 1192 3128 90.

425 3212 525 3267 32.
591 3220 641 3269 4.
699 3229 898 3269 eorum.
981 3214 1096 3269 Der
1143 3214 1325 3268 Name
1381 3215 1482 3270 der

353 3283 693 3339 Einwohner
764 3284 841 3338 ist
904 3301 1002 3338 aus
1065 3284 1193 3339 dem
1256 3285 1478 3340 vorauf·

354 3354 652 3424 gehenden
690 3354 1096 3410 Stadtenamen
1132 3374 1200 3410 zu
1236 3356 1480 3426 supplie-

353 3443 472 3481 ren.
548 3425 621 3480 So
659 3426 806 3480 auch
839 3425 934 3480 bei
970 3425 1179 3482 Livius.

427 3502 478 3552 5.
530 3494 635 3550 Die
681 3496 848 3552 Form
897 3498 1131 3553 Tamesa
1175 3498 1332 3554 steht
1373 3516 1482 3552 nur

353 3567 480 3622 hier
505 3567 621 3621 und
649 3568 742 3622 bei
772 3568 1065 3638 Griechen,
1103 3569 1359 3640 dagegen
1385 3569 1481 3625 bei

355 3638 563 3695 Caesar
604 3638 860 3695 Tamesis.

428 3716 478 3766 6.
525 3709 632 3764 Die
676 3711 801 3766 rote
841 3710 1023 3766 Farbe
1072 3711 1171 3765 der
1210 3712 1315 3766 See
1361 3727 1481 3766 war

355 3782 534 3836 durch
579 3778 765 3851 Algen
819 3782 955 3837 oder
1002 3781 1316 3838 Infusorien
1361 3785 1480 3837 ent-

357 3852 609 3907 standen.

431 3929 481 3977 ’1.
532 3922 662 3977 Wie
699 3923 906 3995 effiqies
941 3942 1010 3978 zu
1046 3923 1343 3979 verstehen
1381 3923 1482 3994 soi,

356 3993 436 4048 ist
472 3994 691 4049 unklar.

431 4069 482 4118 8.
533 4065 745 4120 trahere
781 4066 923 4120 statt
955 4065 1338 4133 interpretari,
1373 4065 1481 4121 wie

357 4132 490 4187 hist.
539 4138 590 4201 ὅ,
644 4141 710 4189 13
755 4137 821 4191 in
864 4141 1077 4192 mamm.
1152 4152 1279 4191 ann.
1321 4143 1373 4203 4,
1411 4142 1481 4190 64

359 4204 436 4257 ad
609 4221 714 4261 am.
790 4212 875 4276 12,
915 4212 982 4261 52
1019 4207 1095 4262 ad
1131 4208 1482 4275 clementiam,

358 4271 475 4325 und
511 4277 545 4326 ὅ
628 4292 672 4329 r.

1662 2867 1743 2916 11.
1795 2862 1984 2917 tutela.
2058 2862 2170 2915 Der
2214 2860 2456 2932 Tempel
2504 2860 2703 2916 scheint

1588 2932 1710 2987 also
1750 2934 1877 2987 sehr
1912 2933 2026 2987 fest
2058 2948 2324 3002 gewesen
2361 2951 2437 2987 zu
2475 2934 2610 2988 sein.

1663 3008 1744 3058 13.
1797 3004 2161 3073 praeducere,
2215 3003 2311 3057 bei
2364 3004 2504 3059 Tac.
2559 3001 2700 3057 nicht

1589 3074 1761 3141 oster,
1812 3075 1960 3128 auch
2003 3075 2098 3129 bei
2144 3074 2377 3141 Gaesar3
2438 3077 2596 3130 sonet
2634 3072 2701 3126 im

1589 3144 1872 3200 silbernen
1907 3145 2109 3199 Latein
2146 3145 2261 3199 und
2296 3145 2392 3200 bei
2426 3145 2697 3200 Dichtern.

1589 3246 1662 3256 -—
1696 3232 1867 3285 neque
1896 3217 2058 3271 motis
2085 3217 2187 3270 ctt.
2216 3217 2358 3270 statt
2383 3232 2561 3285 neque
2584 3214 2698 3270 moti

1587 3292 1747 3341 erant
1780 3303 1891 3342 sen.
1928 3292 1981 3341 et
2013 3287 2136 3354 fem.
2148 3327 2167 3354 ,
2204 3291 2270 3341 ut
2301 3288 2569 3342 iuventus
2599 3284 2700 3340 sola

1587 3363 1829 3412 restaret.
1888 3388 1957 3397 —
2014 3357 2129 3412 Das
2195 3357 2450 3428 Simplex
2513 3369 2698 3411 movoee

1588 3430 1728 3483 statt
1768 3444 2034 3484 removere
2077 3428 2213 3484 oder
2257 3430 2537 3484 demovere
2564 3419 2696 3482 'ohne

1591 3499 1944 3569 Ortsangabe
1982 3501 2134 3554 steht
2170 3499 2316 3554 auch
2351 3499 2463 3569 ΚΡ.
2503 3504 2572 3553 60
2604 3511 2695 3550 mo·

1588 3576 1743 3626 vetuo·
1794 3576 1977 3626 tamen
2022 3571 2210 3639 primo
2261 3571 2445 3625 civilis
2489 3567 2697 3625 discidii

1587 3643 1764 3711 specie
1797 3642 1914 3696 und
1949 3640 2127 3696 sehon
2162 3641 2256 3696 bei
2292 3641 2506 3696 Cicero.

1662 3719 1745 3767 17.
1803 3712 2038 3768 Cerialis
2081 3713 2160 3768 ist
2193 3714 2384 3782 spater
2420 3711 2578 3766 einer
2609 3709 2697 3763 der

1587 3783 1941 3854 tfichtigsten
1973 3782 2319 3839 Feldherren
2363 3783 2465 3838 des
2501 3782 2696 3850 Vespa-

1590 3854 1731 3924 sian,
1766 3853 2036 3910 wahrend
2066 3855 2266 3909 descen
2291 3854 2612 3924 Regierung
2642 3865 2696 3930 qr

1590 3926 1712 3981 sich
1747 3924 1807 3979 in
1832 3925 2236 3993 Deutschland,
2271 3940 2458 3995 gegen
2483 3924 2592 3978 den
2617 3919 2693 3975 Cl-

1589 3995 1742 4065 vilis‚
1789 3995 1910 4050 und
1946 3995 2030 4050 als
2068 3996 2410 4051 Statthalter
2444 4011 2554 4051 von
2585 3992 2693 4047 Bn-

1586 4066 1821 4123 tannien
1855 4066 2233 4123 auszeichnet.

1659 4137 1755 4193 33.
1809 4145 1857 4193 1.
1903 4138 2142 4193 London
2186 4137 2326 4192 wird
2369 4135 2494 4191 hier
2529 4131 2691 4188 meret

1589 4209 1868 4277 erwahnt,
1914 4209 2065 4263 dann
2111 4208 2258 4263 auch
2298 4207 2392 4261 bei
2427 4204 2688 4261 Ammian-

1660 4286 1710 4334 3.
1767 4280 1928 4350 copia
1963 4280 2089 4347 ctt.,
2134 4279 2242 4334 wie
2280 4278 2417 4334 Sall.
2451 4276 2579 4348 Jug.
2612 4278 2689 4342 47,
