2867 4625
997 73 1218 128 LIBER
1245 73 1344 129 VI.
1414 72 1569 131 CAP.
1600 79 1757 128 8—9.

2435 71 2568 136 265

223 237 444 302 officia
487 237 557 301 in
599 257 671 300 re
716 234 992 319 publica
1016 239 1463 319 capessentem
1500 235 1895 301 colebamus.
1966 255 2099 299 non
2137 238 2239 299 est
2273 238 2570 298 nostrum

221 325 567 390 aestimare
626 345 817 409 quem
872 346 1068 408 supra
1127 327 1380 390 ceteros
1436 328 1504 388 et
1557 323 1791 408 quibus
1851 322 1931 387 de
1991 323 2205 388 causis
2267 323 2570 387 extollas:

216 414 346 478 tibi
393 434 720 478 summum
765 434 981 477 rerum
1025 411 1333 477 iudicium
1380 411 1446 476 di
1492 411 1741 495 dedere,
1785 412 1974 477 nobis
2021 411 2317 496 obsequii
2362 410 2574 495 gloria

216 502 449 567 relicta
496 504 614 568 est.
705 505 1072 585 spectamus
1117 522 1313 585 porro
1360 521 1527 584 quae
1573 521 1793 566 coram
1836 500 2190 582 habentur,
2237 500 2338 565 cui
2385 521 2464 564 ex
2507 502 2575 563 te

217 611 375 674 opes
432 590 740 674 honores,
796 589 940 674 quis
994 590 1276 674 plurima
1319 588 1587 655 iuvandi
1635 589 1987 654 nocendive
2033 588 2354 671 potentia,
2409 609 2575 672 quae
2612 607 2681 657 20

222 677 459 744 Seiano
505 677 710 743 fuisse
756 699 947 742 nemo
991 678 1344 780 negaverit.
1437 677 1696 742 abditos
1742 677 2061 761 principis
2109 698 2356 758 sensus,
2404 680 2472 740 et
2517 676 2575 740 si

218 767 374 852 quid
441 767 754 832 occultius
816 771 1039 850 parat,
1103 766 1440 850 exquirere
1497 766 1852 848 inlicitum,
1917 787 2181 849 anceps.
2247 785 2367 830 nec
2427 764 2574 829 ideo

217 855 596 939 adsequare.
686 875 799 939 ne,
853 859 1073 940 patres
1127 854 1510 938 conscripti,
1564 855 1870 918 ultimum
1929 851 2148 918 Seiani
2201 853 2404 933 diem,
2462 852 2575 917 sed

216 943 503 1009 sedecim
549 965 755 1009 annos
802 944 1260 1028 cogitaveritis.
1332 943 1532 1008 etiam
1573 941 1862 1008 Satrium
1907 946 2104 1045 atque
2139 941 2575 1025 Pomponium

220 1033 720 1117 venerabamur3
765 1033 1015 1097 libertis
1064 1052 1321 1116 quoque
1367 1053 1444 1097 ac
1480 1032 1870 1097 ianitoribus
1909 1032 2049 1096 eius
2084 1034 2417 1096 notescere
2454 1051 2576 1113 pro
2617 1048 2684 1097 25

216 1122 573 1206 magnifico
622 1120 1076 1223 accipiebatur.
1170 1120 1328 1205 quid
1373 1119 1577 1207 ergo?
1653 1120 2033 1184 indistincta
2082 1119 2244 1184 haee
2290 1118 2577 1183 defensio

216 1213 291 1274 et
335 1210 658 1293 promisca
702 1208 1005 1274 dabitur?
1049 1209 1253 1274 immo
1300 1208 1495 1273 iustis
1541 1208 1838 1273 terminis
1885 1208 2228 1272 dividatur.
2300 1207 2578 1272 insidiae

214 1298 295 1362 in
338 1320 474 1363 rem
517 1297 875 1399 publicam,
920 1296 1192 1362 consilia
1236 1297 1453 1362 caedis
1501 1297 1842 1362 adversum
1885 1296 2345 1380 imperatorem
2390 1293 2578 1378 puni-

216 1390 449 1451 antur:
505 1387 582 1450 de
631 1386 918 1451 amicitia
963 1391 1030 1450 et
1074 1384 1308 1451 officiis
1355 1385 1529 1451 idem
1571 1384 1722 1449 finis
1770 1388 1836 1449 et
1879 1388 1975 1468 te,
2021 1382 2290 1467 Caesar,
2347 1388 2412 1447 et
2454 1404 2576 1447 nos

219 1473 624 1539 absolverit?

407 1560 791 1628 Constantia
856 1562 1207 1646 orationis,
1271 1566 1338 1626 et
1399 1562 1554 1646 quia
1607 1565 1902 1646 repertus
1956 1564 2096 1625 erat
2148 1560 2260 1645 qui
2325 1558 2582 1624 efferret
2619 1563 2660 1626 9

217 1671 396 1735 quae
441 1672 664 1716 omnes
703 1652 919 1716 animo
957 1650 1318 1735 agitabant,
1365 1671 1440 1714 eo
1478 1671 1684 1735 usque
1719 1654 2010 1734 potuere,
2055 1652 2131 1713 ut
2167 1650 2578 1713 accusatores

216 1740 367 1803 eius
381 1788 401 1823 ,
455 1739 695 1805 additis
751 1761 915 1823 quae
972 1743 1125 1803 ante
1180 1738 1618 1822 deliquerant,
1677 1737 1873 1802 exilio
1930 1740 2046 1802 aut
2091 1741 2301 1802 morte
2347 1736 2579 1801 multa-

214 1830 475 1892 rentur.

410 1914 681 1981 Secutae
745 1915 977 1981 dehinc
1042 1913 1288 1980 Tiberii
1353 1914 1611 1979 litterae
1674 1915 1745 1978 in
1805 1911 1950 1979 Sex.
1995 1912 2337 1977 Vistilium
2402 1933 2580 1997 prae-
2621 1931 2653 1980 5

213 2004 491 2087 torium,
536 2026 730 2088 quem
766 2003 984 2068 Druso
1021 2004 1210 2067 fratri
1257 2024 1596 2086 percarum
1639 2004 1709 2067 in
1756 2001 2091 2067 cohortem
2138 2023 2321 2066 suam
2369 2005 2582 2064 trans-

216 2094 494 2158 tulerat.
566 2114 763 2157 causa
808 2092 1184 2158 offensionis
1226 2090 1489 2156 Vistilio
1535 2091 1681 2175 fuit,
1727 2112 1842 2157 seu
1887 2093 2342 2173 composuerat
2391 2109 2583 2171 quae-

220 2182 384 2247 dam
419 2183 489 2246 in
526 2180 762 2246 Gaium
800 2179 1146 2246 Caesarem
1181 2183 1256 2244 ut
1291 2179 1709 2282 impudicum,
1755 2180 1888 2244 sive
1933 2178 2088 2243 ficto
2132 2175 2362 2242 habita
2406 2175 2584 2241 fides.

221 2274 426 2355 atque
487 2271 571 2336 ob
632 2268 700 2334 id
761 2268 1061 2336 convictu
1120 2268 1433 2353 principis
1494 2267 1869 2354 prohibitus
1929 2289 2075 2333 cum
2136 2265 2326 2331 senili
2388 2286 2585 2330 manu

219 2359 478 2424 ferrum
512 2358 988 2443 temptavisset,
1035 2358 1289 2442 obligat
1328 2379 1553 2443 venas3
1599 2360 2027 2444 precatusque
2071 2377 2188 2439 per
2235 2354 2585 2436 codiciUOS,
2626 2373 2691 2421 10

220 2447 471 2516 immiti
510 2447 827 2534 rescripto
868 2468 1064 2514 venas
1101 2447 1389 2513 resolvit.
1454 2446 1803 2516 acervatim
1844 2467 1922 2511 ex
1959 2465 2036 2509 eo
2064 2444 2320 2508 Annius
2350 2442 2588 2526 Pollio,

224 2536 493 2619 Appius
560 2534 823 2604 Silanus
888 2533 1130 2600 Scauro
1196 2534 1526 2600 Mamerco
1593 2534 1789 2598 simul
1855 2555 1930 2597 ac
1993 2530 2238 2597 Sabino
2304 2530 2590 2597 Calvisio

225 2624 605 2689 maiestatis
641 2624 1082 2714 postulantur,
1118 2627 1185 2688 et
1219 2622 1604 2688 Vinicianus
1641 2621 1927 2686 Pollioni
1962 2623 2139 2706 patri
2176 2620 2593 2703 adiciebatur,

309 2854 400 2906 16.
464 2864 578 2903 non
632 2833 709 2903 est
761 2854 1012 2904 nostrum
1065 2854 1154 2907 ctt.
1227 2848 1363 2904 Der·

229 2919 394 2976 selbe
444 2918 714 2973 Gedanke
760 2920 944 2974 latitet
986 2919 1081 2973 bei
1129 2919 1238 2975 Dio
1276 2924 1365 3004 58,

228 2997 307 3047 19
337 2991 441 3052 ιιαὶ
478 2986 618 3078 γάρ
624 3009 712 3045 τοι
746 2985 1020 3059 προσήκει
1051 2986 1193 3078 ἡμῖν
1221 2987 1364 3044 πάν·-

225 3082 334 3125 τας
359 3080 493 3123 τους
511 3055 618 3114 ὑπ’
643 3054 821 3118 αὐτοῦ
851 3057 1203 3146 τιμωμένους
1221 3055 1363 3129 ἄγοι-

225 3133 383 3220 πᾶν,
428 3126 505 3201 μὴ
552 3131 1125 3202 πολυπραγμονοῦσιν
1173 3126 1366 3185 ὁποῖοι

228 3174 392 3265 τινές
429 3200 590 3260 εἰσιν.

228 3353 275 3408 li
307 3287 627 3423 18Ξ“Μαω
670 3281 945 3338 habentur
989 3297 1126 3348 „vor
1162 3279 1361 3350 Augen

277 3369 311 3408 e
423 3394 433 3407 .

307 3429 399 3548 ἐξ.
432 3428 699 3577 gestauit?
719 3423 1006 3577 lfflttae'hivm
1042 3493 1094 3547 J.
1134 3499 1203 3548 25
1250 3494 1361 3548 den

226 3563 556 3620 Histonker
584 3563 900 3622 Cremutius
941 3562 1152 3619 Cordus
1192 3580 1358 3633 ange-

227 3636 421 3705 klagt.
441 3666 512 3676 —
541 3635 877 3706 Pomponius
906 3635 983 3693 ist
1011 3634 1359 3690 unbekannt.

310 3721 401 3772 26.
446 3715 805 3772 indistinctus
849 3714 942 3771 bei
987 3714 1212 3769 Tacitus
1263 3710 1358 3768 ἅπ.

234 3784 374 3855 ece„
421 3786 512 3849 ein
557 3787 686 3841 sehr
733 3787 977 3842 seltenes
1021 3785 1210 3853 Wort,
1258 3802 1363 3839 un·

229 3857 536 3914 klassisch.

310 3942 400 3992 29.
435 3937 571 4005 finis
605 3935 724 3991 scil.
754 3936 1033 3991 amicitiae
1067 3940 1118 3991 et
1153 3936 1361 4003 officio-

234 4025 369 4065 rum
404 4023 539 4080 crya
574 4006 853 4064 Seianam.

312 4087 374 4145 9.
411 4093 465 4143 2.
494 4093 724 4159 potuere
759 4086 865 4141 mit
899 4087 1084 4141 einem
1121 4086 1365 4154 Adverb,

234 4159 351 4214 wie
388 4157 511 4214 Cas.
543 4160 595 4213 b.
625 4178 679 4228 g.
713 4164 769 4226 1,
801 4162 869 4211 18
907 4158 1062 4227 apud
1097 4159 1369 4225 finitimas

235 4230 492 4286 civitates
527 4230 757 4297 laryiter
785 4244 959 4298 posse.

1548 2855 1596 2903 6.
1635 2848 1840 2915 cohors,
1877 2846 2125 2902 namlich
2156 2848 2470 2913 amicorum,
2500 2845 2593 2901 die

1473 2919 1704 2973 nachste
1741 2918 2083 2987 Umgebung
2120 2918 2219 2971 des
2258 2915 2499 2972 KaiserS.

1549 3012 1635 3061 11.
1690 3006 1920 3062 Annius
1953 3005 2165 3072 Pollio,
2220 3004 2379 3059 sonst
2433 3002 2594 3060 nicht

1472 3078 1754 3143 erwahnt,
1800 3076 1878 3131 ist
1926 3076 2025 3130 der
2059 3074 2237 3130 Vater
2284 3076 2381 3129 des
2422 3073 2595 3129 nach-

1470 3146 1575 3202 her
1620 3149 1944 3216 genannten
1990 3146 2208 3200 Annius
2246 3143 2592 3213 Vinicianus,

1472 3217 1716 3273 welcher
1743 3219 1935 3287 spater
1961 3235 2089 3272 zum
2116 3216 2468 3285 Nachfolger
2495 3216 2593 3270 des

1473 3288 1732 3359 Caligula
1756 3288 2093 3358 vorgeschla
2134 3304 2205 3341 en
2240 3287 2398 3354 wird,
2435 3286 2516 3340 im
2541 3287 2593 3342 J.

1469 3365 1539 3414 42
1569 3360 1677 3414 den
1708 3359 1977 3414 Camillus
2016 3360 2076 3412 in
2156 3357 2431 3413 almatien
2468 3372 2593 3410 ver-

1470 3429 1695 3497 anlal'st,
1725 3430 1844 3484 sich
1874 3445 2056 3499 gegen
2084 3427 2353 3484 Claudius
2380 3446 2450 3482 zu
2479 3445 2591 3483 em-

1468 3507 1669 3626 poren,
1715 3501 1854 3567 und,
1904 3501 1988 3554 als
2028 3500 2131 3554 das
2168 3499 2596 3555 Unternehmen

1494 3571 1840 3639 ehlschlagt,
1876 3568 1996 3625 sich
2031 3570 2200 3626 tutet.

1544 3665 1628 3714 12.
1673 3644 1827 3713 Uber
1863 3657 2111 3726 Silanus,
2148 3657 2364 3714 Konsul
2402 3659 2500 3712 des
2536 3659 2586 3713 J.

1471 3735 1542 3785 28
1577 3748 1630 3784 ιι.
1672 3729 1829 3797 chr„
1869 3747 1910 3784 s.
1949 3736 2000 3797 3,
2040 3735 2270 3785 66-69.
2311 3756 2379 3770 -
2417 3729 2593 3784 Scau-

1470 3817 1570 3857 rus
1604 3799 1683 3855 ist
1719 3799 1812 3855 ein
1847 3799 2234 3856 tallentvoller
2270 3800 2510 3867 Redner,
2549 3817 2590 3853 s.

1475 3877 1764 3941 1,13.--
1801 3872 1967 3927 simul
2002 3871 2080 3926 ist
2113 3872 2262 3940 Prap
2266 3868 2498 3937 osition,
2549 3887 2592 3923 s.

1471 3961 1539 3998 zu
1566 3948 1617 4010 3,
1647 3947 1742 4009 64·
1778 3941 1874 3997 bei
1910 3942 2062 3997 einer
2089 3941 2446 4023 ᾼιιίιΆΙιΙιιιις
2479 3955 2595 3994 von

1471 4013 1884 4084 Eigennamen,
1921 4011 2029 4068 wie
2065 4011 2214 4079 hier,
2252 4013 2395 4066 auch
2431 4016 2484 4077 4,
2524 4015 2594 4064 55

1472 4085 1802 4140 Laodicenis
1828 4099 1895 4138 ac
1921 4054 2278 4152 Maynetilius
2303 4082 2590 4136 simul.-

1473 4154 1753 4279 falgssisms
1796 4154 2042 4209 Sabinas
2087 4169 2202 4207 war
2249 4150 2466 4207 Konsnl
2514 4152 2595 4206 im

2617 1490 2687 1538 30
