2867 4625
953 84 1170 139 LIBER
1205 85 1301 141 IV.
1368 85 1526 142 CAP.
1559 90 1786 141 10—12.

201 249 303 314 vis
347 248 653 314 fabulosa
698 252 765 313 et
816 248 1128 313 immania
1181 246 1637 331 credebantur,
1694 248 2015 313 atrociore
2074 268 2328 333 semper
2379 248 2560 313 fama
2598 264 2666 315 10

2430 85 2558 150 207

201 358 358 422 erga
403 337 881 402 dominantium
927 338 1155 402 exitus.
1241 336 1399 402 ordo
1447 336 1690 420 alioqui
1735 336 1998 402 sceleris
2043 358 2162 422 per
2206 336 2558 422 Apicatam

205 424 424 492 Seiani
483 425 808 510 proditae,
866 426 1211 491 tormentis
1265 424 1547 490 Eudemi
1606 446 1682 490 ac
1739 424 1951 511 Lygdi
2009 425 2380 510 patefactus
2442 430 2557 492 est.

200 537 413 598 neque
487 515 827 600 quisquam
903 516 1184 598 scriptor
1253 517 1391 578 tam
1465 512 1759 578 infensus
1834 514 2085 599 extitit,
2158 518 2234 579 ut
2295 514 2557 581 Tiberio

197 604 579 687 obiectaret,
624 626 772 668 cum
816 604 1036 668 omnia
1082 602 1215 668 alia
1257 602 1712 688 conquirerent
1757 602 2312 687 intenderentque.
2396 603 2559 667 mihi

199 692 506 757 tradendi
560 692 998 777 arguendique
1053 692 1333 757 rumoris
1387 712 1586 756 causa
1630 691 1782 773 fuit,
1835 695 1912 757 ut
1956 693 2131 758 claro
2179 693 2301 757 sub
2348 713 2557 757 exem·
2599 707 2664 756 15

195 781 312 867 plo
358 779 566 845 falsas
612 780 976 846 auditiones
1023 780 1411 865 depellerem
1453 783 1867 865 peteremque
1905 781 1987 847 ab
2023 779 2127 865 iis,
2174 802 2449 864 quorum
2486 780 2559 845 in

195 892 437 934 manus
497 891 651 935 cura
720 872 947 935 nostra
1012 869 1284 953 venerit,
1345 890 1425 934 ne
1486 869 1823 954 divulgata
1887 872 2081 955 atque
2145 868 2559 935 incredibilia

196 958 386 1024 avide
437 961 705 1043 accepta
750 958 918 1024 veris
964 958 1171 1043 neque
1208 957 1277 1023 in
1315 958 1703 1023 miraculum
1741 958 2062 1042 corruptis
2100 957 2556 1022 antehabeant.

381 1045 690 1113 Ceterum
724 1047 1033 1112 laudante
1079 1047 1285 1112 filium
1321 1068 1443 1131 pro
1482 1046 1715 1112 rostris
1752 1045 2014 1111 Tiberio
2052 1050 2318 1112 senatus
2355 1046 2662 1132 popu-12

193 1138 438 1221 Iusque
490 1136 790 1201 habitum
846 1157 923 1201 ac
979 1157 1169 1202 voces
1227 1135 1562 1200 dolentum
1618 1135 2034 1200 simulatione
2091 1134 2301 1220 magis
2362 1156 2557 1219 quam

194 1226 414 1290 libens
469 1224 783 1289 induebat
837 1225 1227 1309 domumque
1275 1222 1649 1289 Germanici
1701 1223 2089 1291 revirescere
2146 1224 2387 1290 occulti
2431 1224 2558 1288 lae-

194 1314 534 1379 tabantur.
628 1312 799 1397 quod
852 1313 1246 1397 principium
1302 1312 1547 1378 favoris
1595 1317 1662 1377 et
1706 1316 1918 1378 mater
1962 1311 2330 1398 Agrippina
2374 1333 2555 1397 spem

193 1403 374 1467 male
430 1405 661 1488 tegens
716 1402 1066 1485 perniciem
1123 1402 1589 1467 adceleravere.
1677 1424 1830 1467 nam
1887 1400 2162 1467 Seianus
2218 1401 2331 1466 ubi
2382 1401 2559 1466 videt
2596 1418 2628 1467 ὅ

195 1495 483 1556 mortem
540 1489 736 1555 Drusi
789 1490 1067 1555 inultam
1118 1489 1677 1575 interfectoribuS,
1741 1489 1879 1555 sine
1938 1511 2230 1555 maerore
2292 1489 2556 1574 publico

198 1602 371 1663 esse,
407 1578 593 1644 ferox
622 1579 956 1662 scelerum,
992 1582 1060 1643 et
1088 1580 1240 1664 quia
1266 1580 1482 1665 prima
1505 1582 1958 1665 provenerant,
1991 1579 2289 1644 volutare
2319 1600 2556 1660 secum,

192 1690 488 1754 quonam
559 1668 751 1732 modo
816 1666 1190 1733 Germanici
1259 1668 1503 1733 liberos
1574 1672 2004 1753 perverteret,
2076 1689 2354 1752 quorum
2426 1688 2560 1732 non

192 1758 403 1823 dubia
476 1756 815 1821 successio,

931 1778 1137 1842 neque
1220 1757 1444 1841 spargi
1516 1778 1832 1822 venenum
1914 1758 1985 1821 in
2064 1758 2201 1821 tres
2283 1759 2559 1840 poterat,

195 1846 476 1932 egregia
535 1845 873 1909 custodum
930 1845 1056 1911 fide
1122 1848 1189 1910 et
1250 1844 1563 1930 pudicitia
1620 1843 2026 1931 Agrippinae
2084 1845 2558 1929 inpenetrabili.
2600 1861 2668 1912 10

273 2060 363 2112 11.
422 2071 551 2124 αμα
606 2054 1021 2126 ‚,gegenfiber“
1077 2053 1184 2108 wie
1242 2069 1329 2124 cp.

195 2132 275 2181 20
315 2142 448 2194 erya
474 2127 777 2195 pecuniam
823 2126 1062 2180 alienam
1097 2126 1331 2208 diliqen-

192 2199 290 2253 tia
324 2196 443 2250 und
481 2196 642 2251 oster.
700 2195 773 2252 So
809 2213 915 2250 nur
950 2194 1046 2250 bei
1082 2195 1328 2252 Tacitus.

195 2267 333 2351 Vgl.
375 2283 444 2320 zu
482 2272 533 2336 3,
571 2273 622 2322 2.
658 2298 731 2308 -
768 2267 1069 2336 Apicatam
1115 2266 1328 2337 Seiani,

195 2340 324 2395 scil.
360 2355 604 2394 uxorem.
680 2337 849 2393 Diese
891 2337 1107 2409 Ellipse
1152 2338 1330 2394 findet

195 2410 327 2466 sich
371 2409 535 2464 nicht
571 2427 678 2463 nur
713 2408 810 2465 bei
848 2409 1032 2478 virgil
1067 2409 1181 2463 und
1219 2410 1330 2464 den

193 2480 413 2537 beiden
447 2478 692 2549 Plinius,
745 2480 987 2538 sondern
1024 2481 1198 2536 echon
1233 2480 1331 2535 bei

196 2552 404 2607 Cicero
466 2551 542 2606 ad
595 2554 714 2608 Att.
777 2558 868 2620 12,
927 2556 996 2605 20
1061 2551 1330 2607 Serviliae

198 2621 439 2680 OEaudii
468 2628 651 2692 pater.
724 2628 788 2677 21
835 2623 1005 2677 Oviae
1044 2622 1099 2678 0.
1127 2622 1328 2680 Lollii.

274 2701 362 2750 14.
421 2695 704 2749 intendere
754 2693 1218 2763 „fibertreiben“.
1274 2692 1329 2749 S.

196 2785 270 2821 zu
307 2770 364 2833 2,
395 2770 483 2821 57.

276 2841 364 2890 15.
404 2836 505 2890 sub
541 2836 801 2904 exmpzo,
837 2834 944 2890 wie
982 2842 1034 2904 3,
1063 2840 1149 2890 68.

275 2912 366 2961 17.
415 2923 553 2961 ewra
599 2904 1187 2976 „schriftstellerische
1224 2905 1326 2958 Ar-

198 2978 383 3033 beit“.
448 2976 578 3047 Vgl.
616 2983 671 3044 3,
707 2982 777 3031 24
812 2977 864 3032 si
890 2979 1086 3046 plures
1122 2978 1199 3032 ad
1234 2993 1329 3031 cu-

197 3066 301 3105 ras
326 3049 503 3102 vitam
519 3049 854 3117 produxero,
886 3078 955 3088 -
982 3047 1088 3103 Die
1116 3047 1329 3117 Repra-

201 3118 495 3175 sentation
541 3119 642 3173 der
687 3118 968 3188 Tempora
1011 3118 1073 3173 in
1123 3120 1331 3173 venerit

197 3192 322 3245 und
352 3191 733 3257 antehabeant‚
765 3189 1053 3272 abhangig
1071 3205 1199 3244 vom
1220 3188 1329 3242 Im-

277 3261 531 3316 rfektum
576 3260 691 3315 und
725 3261 888 3314 mcht
921 3260 984 3314 in
1019 3259 1332 3314 mdirekter

197 3279 364 3388 fflde
409 3332 489 3385 ist
531 3331 735 3386 bochet
779 3330 958 3386 selten
996 3332 1077 3385 im
1112 3330 1327 3386 Latein.

198 3403 336 3475 vgl.
370 3402 483 3458 Cic.
511 3420 569 3472 p.
595 3401 774 3456 Balbo
807 3408 876 3457 27
915 3408 964 3456 et
1001 3407 1119 3456 erat
1155 3419 1333 3471 aequa

202 3476 295 3531 zea:
332 3504 405 3515 —
442 3478 507 3528 ut
551 3478 768 3528 nostras
812 3474 1142 3529 inimicitias
1184 3475 1332 3528 inter

199 3562 306 3602 nos
385 3560 662 3614 yeramus,
745 3546 940 3600 amicis
1019 3549 1334 3600 nostrorum

200 3617 566 3673 inimicorum
589 3621 952 3683 temperemus.
1004 3616 1163 3670 Lact.
1194 3614 1329 3684 opif.

202 3694 258 3755 4,
289 3693 361 3742 13
399 3687 624 3741 exclusa
659 3688 726 3742 de
759 3687 922 3741 rebus
954 3687 1213 3742 humanis
1247 3686 1332 3740 di-

203 3761 347 3815 vina
397 3758 753 3827 providentia
803 3758 1105 3813 necessario
1154 3772 1334 3826 seque-

207 3831 383 3885 batur
408 3833 474 3883 ut
498 3830 686 3884 omnia
712 3844 820 3884 sua
836 3833 1028 3898 sponte
1044 3830 1158 3884 sint
1174 3833 1332 3883 nata.

208 3901 326 3956 Der
347 3899 757 3970 Schriftsteller
783 3900 901 3955 will
928 3899 1333 3966 hervorheben‚

209 3971 337 4026 dass
388 3971 490 4026 das
542 3970 791 4041 Gesagte
839 3968 930 4024 fiir
981 3970 1073 4024 die
1120 3969 1337 4040 Gegen-

207 4044 359 4097 wart
392 4041 504 4113 gilt
530 4043 667 4097 oder
693 4038 1001 4111 allgemein
1027 4040 1216 4111 gultig
1242 4040 1335 4095 ist.

208 4112 484 4184 Dagegen
556 4114 636 4169 ist
706 4110 801 4167 die
863 4112 945 4165 Re
987 4111 1339 4167 rasentation

209 4185 271 4239 in
302 4184 424 4311 l:ielri
470 4184 798 4240 indirekten
842 4183 925 4237 Re
968 4199 999 4238 e
1048 4200 1193 4254 ganz
1242 4199 1336 4253 ge·

215 4261 300 4311 wo
343 4275 378 4310 n
406 4257 510 4311 ‘ch.

1514 2059 1599 2109 18.
1636 2055 1974 2122 antehabere,
2013 2072 2056 2109 s.
2087 2070 2158 2109 zu
2197 2061 2245 2122 1,
2277 2059 2361 2110 58.

1512 2125 1610 2181 12.
1638 2131 1689 2180 2.
1728 2127 2020 2180 dolentum.
2053 2124 2128 2180 So
2146 2127 2290 2180 auch
2307 2125 2558 2180 salutan-

1439 2200 1555 2250 tum
1585 2214 1670 2265 cp.
1692 2202 1778 2250 41.
1812 2200 1895 2263 11,
1923 2201 2010 2251 22.
2046 2201 2372 2267 yratantum
2398 2201 2447 2264 6,
2470 2200 2555 2250 50.

1414 2265 1701 2322 ·Poetisch
1739 2266 1853 2321 und
1889 2265 2332 2323 nachklassisch.

1511 2345 1559 2394 3.
1598 2339 1928 2394 revirescere.
1971 2338 2081 2393 Cic.
2113 2339 2183 2392 de
2219 2353 2378 2407 prov.
2407 2354 2557 2392 cons.

1440 2415 1508 2463 14
1534 2426 1621 2464 res
1643 2440 1710 2449 —
1730 2411 1806 2464 ad
1831 2410 2206 2464 renovandum
2243 2409 2443 2463 bellum
2476 2425 2557 2463 re·

1434 2481 1715 2535 virescent.
1765 2478 1971 2535 Cornif.
2000 2485 2050 2547 4,
2082 2485 2152 2534 34
2187 2480 2270 2534 rei
2298 2479 2560 2548 publicae

1435 2552 1580 2605 vires
1614 2551 1816 2605 virtute
1846 2551 2194 2620 optimatium
2221 2551 2557 2605 revirescent.

1439 2652 1508 2662 —
1545 2621 1774 2689 occulti,
1815 2621 1923 2676 wie
1958 2619 2076 2676 Liv.
2115 2626 2202 2689 25,
2241 2625 2335 2689 28,
2374 2626 2407 2675 6
2451 2620 2561 2688 fre·

1436 2709 1580 2748 mere
1614 2693 1826 2747 occulti.

1510 2769 1561 2818 5.
1612 2769 1791 2833 teqens
1838 2763 1981 2818 statt
2023 2759 2179 2817 eines
2217 2760 2558 2816 Verbalsub-

1436 2834 1698 2902 stantivs‚
1735 2834 1841 2889 wie
1871 2849 1957 2903 cp.
1986 2838 2057 2888 34
2093 2838 2144 2889 et
2173 2832 2377 2889 Caesar
2413 2833 2562 2888 truci

1434 2906 1597 2962 vultu
1640 2905 2003 2973 defensionem
2057 2905 2347 2974 accipiens.
2429 2902 2560 2959 Viel

1436 2977 1691 3045 haufiger
1744 2975 1820 3031 ist
1869 2976 1930 3031 in
1989 2974 2173 3030 dieser
2226 2974 2561 3044 Bedeutung

1436 3048 1540 3102 das
1576 3046 1823 3118 Partizip
1861 3048 1959 3101 des
1993 3047 2236 3102 Passivs.

1511 3125 1559 3174 7.
1587 3120 1745 3185 ferox
1770 3119 2046 3185 scelerum,
2075 3115 2183 3173 wie
2208 3122 2255 3183 1,
2276 3123 2344 3171 32
2364 3115 2560 3172 animi.

1437 3187 1572 3243 hist.
1615 3195 1671 3258 1,
1708 3194 1778 3244 35
1816 3190 2053 3260 linquae.
2131 3186 2295 3243 Ovid.
2335 3187 2468 3241 met.
2506 3191 2557 3254 8,

1439 3265 1546 3315 614
1581 3262 1878 3330 mentisque
1919 3260 2095 3328 ferox.
2172 3259 2340 3314 Sonst
2384 3273 2559 3327 unge-

1435 3330 1784 3390 br‘auchlich.
1828 3362 1893 3370 —-
1925 3330 2219 3400 provenire
2259 3329 2401 3384 statt
2425 3343 2562 3397 pro-

1437 3418 1589 3471 spere
1613 3402 1892 3456 succedere
1919 3400 2254 3471 „gelingen“
2282 3398 2389 3454 wie
2423 3407 2469 3466 1,
2492 3403 2562 3453 19

1436 3474 1538 3528 ubi
1567 3474 1758 3542 prima
1775 3474 2154 3542 provenissent
2180 3469 2297 3525 und
2326 3467 2474 3525 oster
2499 3468 2562 3524 in

1440 3544 1548 3599 den
1576 3542 1865 3598 Historien
1891 3543 2006 3597 und
2031 3540 2319 3609 Annalem
2350 3539 2564 3595 ausser·

1442 3614 1572 3669 dem
1616 3631 1722 3668 nur
1757 3614 1850 3668 bei
1888 3612 2034 3669 Ovid
2071 3614 2187 3668 und
2225 3613 2452 3668 Sueten.
2493 3641 2564 3653 —

1441 3686 1687 3740 volutare
1721 3701 1916 3754 secum,
1953 3683 2063 3740 wie
2104 3690 2187 3754 13,
2229 3690 2312 3740 15.
2378 3684 2564 3739 animo

1440 3757 1574 3811 hist.
1613 3762 1664 3823 2,
1703 3761 1789 3812 49.
1855 3757 2012 3811 intra
2056 3757 2307 3810 animum
2342 3772 2469 3809 ann.
2510 3758 2561 3809 4.

1443 3833 1530 3881 40.
1586 3826 1771 3882 Schon
1801 3826 1912 3881 Cic.
1943 3827 2012 3881 de
2049 3844 2166 3897 rep.
2201 3833 2248 3895 1,
2281 3832 2347 3881 17
2375 3826 2563 3880 animo

1441 3899 1706 3954 volutare.

1517 3975 1566 4024 9.
1603 3969 1810 4039 spargi.
1849 3967 1977 4038 Vgl.
1999 3967 2112 4024 Cic.
2140 3969 2199 4023 in
2230 3965 2393 4022 Catil.
2421 3971 2472 4032 2,
2498 3969 2568 4019 10

1443 4057 1699 4110 sparqere
1733 4057 1939 4096 venena
1974 4042 2302 4095 didicerwnt.
2458 4104 2471 4116 ·

1520 4117 1602 4167 10.
1648 4112 2064 4180 inpenetrabilis
2098 4106 2568 4179 „unzuganghch,

1445 4181 1882 4251 unbesiegbar“;
1919 4183 1980 4236 in
2016 4180 2201 4237 dieser
2236 4178 2567 4247 Bedeutung

1446 4270 1553 4307 nur
1588 4253 1727 4319 hier,
1762 4252 1857 4308 bei
1895 4253 2108 4306 Seneca
2142 4250 2259 4304 und
2296 4246 2482 4302 Silius.
