2867 4625
910 175 1129 230 LIBER
1166 175 1311 232 XIV.
1378 175 1535 234 CAP.
1576 182 1733 235 7—9.
2380 176 2508 242 129

131 338 347 407 donec
395 343 660 425 aspectu
709 338 943 405 armati
990 342 1057 404 et
1092 339 1458 406 minitantis
1498 340 1778 427 agminis
1815 340 2069 406 disiecti
2108 343 2275 406 sunt.
2348 338 2510 405 Ani-

128 432 323 494 cetus
368 428 595 494 villam
653 429 932 494 statione
990 427 1346 494 circumdat
1399 429 1809 515 refractaque
1854 431 2054 495 ianua
2101 428 2329 496 obvios
2378 451 2509 495 ser·

130 540 368 583 vorum
438 517 705 604 abripit,
780 517 984 584 donec
1045 517 1127 582 ad
1189 517 1363 583 fores
1441 518 1717 584 cubiculi
1790 519 2071 603 veniret3
2146 518 2249 584 cui
2320 519 2510 604 pauci
2551 535 2617 585 10

126 606 509 692 adstabant,
548 606 778 672 ceteris
815 609 1064 671 terrore
1100 607 1613 691 inrumpentium
1651 608 1994 673 exterritis.
2049 606 2345 673 cubiculo
2374 629 2509 673 mo-

129 696 357 761 dicum
404 696 627 761 lumen
672 697 886 761 inerat
931 698 995 761 et
1041 696 1422 761 ancillarum
1471 718 1625 787 una,
1679 698 1888 783 magis
1937 718 2012 762 ac
2058 697 2268 782 magis
2316 696 2513 762 anxia

128 784 540 870 Agrippina,
597 783 770 870 quod
823 806 1016 850 nemo
1075 807 1114 849 a
1159 782 1295 851 filio
1344 806 1422 850 ac
1466 806 1550 849 ne
1596 783 1921 871 Agerinus
1969 784 2254 870 quidem:
2312 785 2512 851 aliam

127 873 282 940 fore
328 875 543 939 laetae
589 873 686 938 rei
731 874 992 958 faciem3
1046 894 1220 938 nunc
1273 872 1688 938 solitudinem
1735 896 1810 940 ac
1855 873 2232 958 repentinos
2281 874 2510 959 strepi-

128 966 248 1028 tus
301 964 424 1044 [et]
473 963 744 1027 extremi
788 963 945 1027 mali
991 961 1250 1027 indicia.
1333 962 1613 1027 abeunte
1660 962 1892 1028 dehinc
1939 962 2179 1027 ancilla
2224 960 2319 1027 ‘tu
2358 984 2512 1048 quo·
2551 978 2617 1027 15

134 1073 269 1136 que
327 1073 433 1116 me
490 1049 758 1117 deseris'
813 1050 1150 1135 prolocuta
1205 1050 1472 1134 respicit
1516 1050 1889 1136 Anicetum,
1944 1051 2300 1117 trierarcho
2346 1049 2514 1116 Her-

129 1139 353 1206 culeio
414 1143 479 1204 et
535 1138 807 1205 Obarito
866 1140 1240 1206 centurione
1298 1139 1633 1205 classiario
1689 1141 2099 1226 comitatum,
2161 1163 2263 1225 ac,
2319 1141 2376 1205 si
2432 1139 2516 1205 ad

129 1229 489 1295 visendum
545 1230 859 1313 venisset,
913 1228 1190 1294 refotam
1245 1229 1606 1293 nuntiaret:
1664 1228 1765 1293 sin
1816 1229 2071 1294 facinus
2120 1232 2515 1314 patraturus,

127 1316 310 1382 nihil
360 1339 430 1382 se
479 1317 558 1382 de
603 1317 738 1382 filio
787 1317 1071 1401 credere;
1117 1338 1252 1382 non
1296 1317 1685 1402 imperatum
1731 1318 2167 1402 parricidium.
2250 1318 2513 1384 circum·

131 1406 392 1472 sistunt
436 1407 679 1471 lectum
725 1428 1138 1491 percussores
1186 1410 1253 1471 et
1294 1406 1479 1490 prior
1513 1406 1908 1472 trierarchus
1943 1406 2104 1471 fusti
2143 1410 2340 1490 caput
2375 1406 2512 1471 eius
2550 1422 2619 1471 20

129 1494 414 1561 adflixit.
505 1495 635 1560 iam
700 1494 770 1559 in
832 1499 1110 1561 mortem
1165 1495 1528 1560 centurioni
1580 1495 1826 1560 ferrum
1878 1494 2311 1581 destringenti
2364 1517 2514 1580 pro-

127 1584 419 1650 tendens
465 1587 724 1649 uterum
770 1582 1087 1649 ‘ventrem
1129 1581 1276 1648 feri'
1324 1583 1712 1650 exclamavit
1747 1584 2098 1669 multisque
2135 1584 2513 1649 vulneribus

127 1673 443 1740 confecta
487 1677 605 1738 est.

321 1760 509 1827 Haec
554 1783 876 1826 consensu
920 1760 1302 1845 produntur.
1387 1761 1798 1846 aspexeritne
1839 1763 2113 1827 matrem
2153 1760 2516 1826 exanimem
2534 1762 2575 1826 9

129 1849 320 1916 Nero
372 1853 441 1914 et
484 1850 766 1916 formam
812 1850 1102 1935 corporis
1150 1850 1287 1915 eius
1332 1848 1717 1935 laudaverit,
1763 1854 1918 1915 sunt
1961 1851 2075 1935 qui
2110 1850 2516 1935 tradiderint,

131 1943 302 2005 sunt
351 1939 465 2024 qui
512 1940 819 2005 abnuant.
902 1941 1188 2004 cremata
1234 1941 1335 2003 est
1377 1940 1568 2004 nocte
1617 1938 1841 2004 eadem
1884 1939 2204 2004 convivali
2239 1940 2410 2004 lecto
2450 1942 2517 2003 et

130 2028 472 2114 exsequiis
519 2028 782 2112 vilibus3
827 2049 1053 2112 neque,
1099 2027 1253 2092 dum
1287 2025 1465 2092 Nero
1510 2049 1730 2093 rerum
1769 2027 2161 2111 potiebatur,
2207 2029 2516 2113 congesta

132 2121 255 2183 aut
297 2116 526 2182 clausa
550 2116 805 2182 humus,
862 2138 1012 2181 mox
1041 2116 1544 2181 domesticorum
1573 2138 1727 2182 cura
1753 2116 1959 2180 levem
1986 2116 2310 2181 tumulum
2342 2136 2516 2180 acce·
2553 2131 2586 2181 5

128 2207 265 2291 pit,
327 2206 506 2271 viam
559 2204 796 2271 Miseni
852 2208 1123 2289 propter
1178 2207 1245 2270 et
1296 2205 1518 2271 villam
1577 2202 1874 2270 Caesaris
1929 2202 2294 2283 dictatoris,
2350 2224 2514 2288 quae

131 2294 482 2362 subiectos
549 2294 729 2360 sinus
796 2293 1155 2360 editissima
1207 2296 1599 2379 prospectat.
1700 2315 1968 2360 accenso
2024 2313 2186 2379 rogo
2242 2293 2514 2359 libertus

133 2386 284 2451 eius
336 2387 772 2469 cognomento
815 2382 1103 2449 Mnester
1147 2403 1212 2449 se
1254 2384 1395 2468 ipse
1441 2383 1615 2460 ferro
1662 2384 2004 2469 transegit,
2046 2382 2365 2448 incertum
2415 2403 2517 2447 ca-

129 2474 341 2538 ritate
410 2473 478 2537 in
539 2477 884 2558 patronam
951 2495 1038 2538 an
1101 2475 1278 2537 metu
1332 2472 1536 2537 exitii.
1635 2471 1810 2536 hunc
1867 2472 1968 2537 sui
2020 2472 2219 2536 finem
2273 2471 2514 2535 multos

132 2566 297 2628 ante
355 2582 563 2627 annos
620 2560 980 2626 crediderat
1023 2560 1393 2646 Agrippina
1452 2564 2074 2646 contempseratque.
2163 2582 2318 2625 nam
2368 2580 2515 2625 con·
2554 2575 2621 2625 1ο

132 2649 393 2717 sulenti
439 2672 633 2735 super
676 2648 933 2716 Nerone
979 2649 1455 2736 responderunt
1500 2647 1811 2715 Chaldaei
1856 2650 1994 2715 fore
2041 2652 2115 2713 ut
2164 2650 2518 2734 imperaret

136 2842 406 2916 gratari,
445 2842 598 2897 haufi
640 2859 701 2897 er
735 2841 830 2897 bei
864 2841 994 2898 Tac.
1033 2813 1118 2897 als
1153 2858 1280 2913 yra-
1466 2848 1518 2897 2.
1566 2842 1683 2897 Der
1721 2842 2211 2911 Tempuswechsel
2246 2841 2307 2895 in
2343 2841 2518 2896 tradi·

132 2914 358 2980 tulari;
398 2912 582 2968 ausser
622 2929 710 2968 em
744 2913 838 2968 bei
864 2913 1136 2969 Dichter-n
1162 2913 1280 2968 und
1391 2913 1579 2968 derint
1646 2912 1764 2967 und
1835 2913 2093 2968 abnuant
2162 2912 2240 2967 ist
2312 2910 2517 2966 ebenso

135 2985 363 3042 Livius.
1388 2982 1736 3038 willkfirlich
1794 2983 1902 3039 wie
1965 2983 2095 3040 hist.
2163 2989 2190 3038 1
2206 3026 2221 3052 ,
2289 2988 2354 3037 15
2419 2982 2518 3038 ad·

213 3063 306 3112 12.
344 3057 524 3126 mayis
561 3072 628 3112 ac
661 3057 840 3126 magis
874 3073 995 3129 nur.
1014 3055 1139 3110 hier
1163 3054 1279 3130 und
1396 3056 1617 3111 sciscere
1652 3085 1720 3095 -
1759 3055 2035 3110 adiecisse.

136 3135 171 3184 6
185 3171 201 3198 9
240 3133 334 3182 21.
1460 3150 1512 3199 4.
1568 3148 1820 3213 conae-sta
1876 3148 1979 3198 aut
2026 3145 2219 3199 clausa
2266 3141 2517 3212 (umfrie-

216 3205 308 3253 13·
337 3216 377 3253 a
403 3199 520 3266 filiO
550 3197 671 3282 ⁵011,-
697 3199 920 3254 ”miret-
968 3197 1097 3281 Ygl·
1127 3202 1181 3264 4,
1210 3200 1278 3250 57
1390 3215 1553 3285 digt).
1644 3215 1761 3269 Das
1825 3212 1975 3269 Grab
2051 3232 2168 3270 war
2231 3214 2353 3269 also
2417 3232 2518 3268 un·

138 3270 374 3325 tandem
405 3268 610 3325 Caesar
636 3286 701 3323 m
729 3268 1096 3338 Campamam
1130 3271 1281 3336 (pro-
1388 3284 1707 3343 kennffioh·

137 3342 362 3409 fectus).
436 3340 704 3410 Haufiger
738 3339 930 3396 fehlen
967 3338 1059 3393 die
1094 3337 1283 3393 Verba
1464 3363 1512 3411 5·
1588 3342 1739 3411 fiber
1811 3356 1905 3410 die
1977 3355 2336 3426 Anam-ophe
2406 3371 2520 3410 von

140 3408 422 3467 movendi
458 3412 518 3465 in
557 3409 778 3494 Qiceros
815 3409 1088 3494 Briefen3
1131 3481 1142 3494 .
1211 3479 1224 3492 ·
1379 3432 1617 3497 propter
1654 3443 1697 3481 g,
1735 3426 1883 3481 Einl,
1921 3433 1966 3493 §-
2001 3434 2133 3494 116,
2161 3426 2216 3480 b,

225 3487 319 3566 ¹5:
355 3486 407 3537 et
443 3482 663 3565 schemt
687 3482 925 3548 unecht;
962 3481 1179 3536 mazona
1205 3483 1284 3535 1st
1466 3504 1514 3552 ⁷.
1552 3503 1904 3567 progpectare
1948 3515 2060 3553 von
2106 3499 2205 3553 der
2242 3496 2518 3566 Ortslage,

143 3552 452 3638 Ρῐῆὼζὸὓ,
493 3553 611 3608 scss.
650 3568 772 3608 ⁶⁸⁸0·
1390 3570 1499 3624 wie
1527 3575 1578 3634 4,
1611 3574 1677 3622 67
1698 3570 2090 3637 prospectabat
2120 3569 2357 3636 (insula)
2388 3568 2519 3638 pul·

218 3629 311 3681 21.
339 3641 406 3679 m
433 3628 654 3679 mortem
680 3624 823 3678 statt
847 3623 924 3678 ad
950 3623 1178 3679 caedem.
1212 3652 1281 3662 -
1391 3640 1718 3695 eumq-imum
1753 3640 1951 3695 ginum,
2018 3639 2149 3696 hist,
2191 3645 2242 3706 3,
2274 3644 2342 3694 60
2372 3639 2521 3694 loeas

136 3695 479 3779 erm
532 3700 759 3778 ,uterum
814 3685 913 3750 3³st-
997 3692 1277 3780 ,ΑΠΒῘἪῙΙῈ-
1392 3713 1501 3767 late
1537 3714 1913 3780 prospectam.
1981 3716 2013 3765 5
2026 3753 2040 3779 ,
2091 3717 2141 3765 6.
2216 3708 2292 3764 So
2337 3711 2520 3764 zuerst

143 3766 329 3821 hcher
355 3766 450 3821 bel
476 3765 584 3821 Dlo
615 3771 702 3834 61,
734 3771 800 3820 13
842 3765 942 3819 καὶ
978 3766 1277 3850 αναπηρη·
1384 3781 1480 3837 bei
1540 3780 1733 3836 Tibuu
1783 3786 1842 3849 1,
1892 3788 1950 3851 7,
2003 3787 2068 3837 19
2124 3785 2341 3836 „mmm
2385 3796 2518 3849 pro.
2560 3799 2564 3803 -

148 3854 300 3891 σασα
351 3832 423 3924 ἐκ,
459 3836 557 3905 τῆς
592 3838 792 3922 ’‘vitm-⁸,
820 3831 923 3906 τήν
960 3855 1020 3890 τε
1062 3830 1280 3924 §aqva
1387 3856 1597 3923 spectat
1645 3854 1896 3908 turribus
1941 3868 2142 3921 aequor
2189 3881 2257 3893 —
2311 3850 2520 3923 Tyros;

147 3903 562 3994 περιδρἆηξαΐθ
599 3906 699 3998 κοξὶ
732 3926 837 3994 ‘⁸⁷12’
863 3904 1111 3977 γαστέρα
1139 3925 1279 3994 gewo-
1389 3925 1541 3979 daun
1575 3923 1657 3978 im
1693 3923 1974 3980 silbernen
2009 3922 2228 3979 Latein.

149 3993 512 4070 yvavmooeea·
564 3996 699 4065 ’,ξαιέ
728 3997 958 4048 ταυτην,
991 3976 1120 4068 ἔφη,
1150 3978 1279 4032 Λνί·
1461 4001 1512 4052 8.
1560 3996 1829 4051 incertam
1875 4003 1996 4062 an.
2022 3994 2131 4049 wie
2166 3993 2275 4063 Kp.
2316 3996 2382 4048 51
2430 3994 2518 4048 in-

148 4069 306 4118 nme.
369 4067 531 4119 παιδ’
571 4069 661 4104 0ῑὺ
696 4051 760 4103 Ν
761 4047 945 4119 Aqmvoe
984 4047 1193 4105 ἔτεκεν·
1391 4073 1596 4123 certam
1622 4067 1935 4123 valetudine
1962 4083 2039 4121 aa
2063 4080 2282 4122 veneno.
2334 4070 2419 4134 11,
2449 4068 2516 4118 22

220 4138 283 4193 9.
343 4144 392 4195 1.
439 4138 782 4207 aspexeritne
822 4139 949 4207 ott„
996 4137 1089 4192 ein
1133 4139 1281 4192 Ana·
1387 4138 1506 4193 und
1543 4138 1704 4195 ofter.
1779 4139 1907 4208 Vgl.
1945 4137 2092 4193 Einl.
2130 4141 2178 4201 ἓ.
2211 4140 2296 4190 75.
2360 4147 2366 4153 ·

150 4209 384 4278 koluth‚
428 4208 539 4264 wie
585 4215 677 4276 12,
717 4213 784 4263 52
830 4212 998 4263 morte
1040 4210 1281 4276 fortuita
1462 4215 1512 4265 9.
1559 4210 1652 4264 sui
1686 4210 1866 4278 finem.
1933 4208 1985 4264 S.
2024 4207 2172 4262 Einl.
2211 4213 2259 4272 §-
2288 4211 2376 4262 42.

153 4298 235 4335 an
253 4282 353 4335 ctt.
414 4279 583 4335 Sonst
608 4281 712 4335 hat
728 4278 859 4334 Tac.
889 4278 1056 4334 keine
1086 4280 1278 4335 solche
1464 4287 1548 4336 11.
1601 4280 1881 4337 Chaldaei.
1955 4280 2119 4335 Nach
2158 4286 2220 4348 6,
2249 4284 2317 4333 22
2355 4278 2519 4350 hatte

151 4350 616 4421 Satzbildungen.
1388 4352 1489 4407 der
1527 4351 1680 4407 Sohn
1717 4351 1814 4408 des
1849 4351 2223 4423 Wahrsagers
2254 4350 2519 4421 Thrasyl-

262 4451 371 4492 Tac.
400 4448 570 4494 Annal.
598 4450 662 4491 11.
2057 4449 2089 4498 9
