2867 4625
367 119 498 184 130
1017 117 1365 174 CORNELII
1402 116 1651 173 TACITI
1686 117 2082 173 ANNALIUM

361 284 764 367 matremque
830 280 1175 365 occideret3
1251 283 1444 366 atque
1507 279 1621 345 illa
1684 278 1986 345 ‘occidat'
2050 280 2292 367 inquit,
2365 280 2538 346 ‘dum
2601 283 2712 347 im·
2819 286 2820 331 ἶ

409 369 586 436 eret?

260 393 405 526 1οΡ
545 456 669 524 Sed
726 482 765 524 a
825 455 1102 524 Caesare
1165 457 1453 543 perfecto
1521 457 1778 523 demum
1844 458 2085 524 scelere
2143 459 2527 543 magnitudo
2582 460 2714 524 eius

361 547 695 613 intellecta
741 551 858 613 est.
942 545 1196 632 reliquo
1243 547 1454 612 noctis
1501 545 1694 613 modo
1740 570 1859 632 per
1906 547 2234 613 silentium
2274 547 2539 632 defixus,
2583 570 2713 614 sae-

360 637 507 720 pius
572 658 813 720 pavore
878 656 1230 720 exsurgens
1297 638 1364 699 et
1425 637 1663 701 mentis
1728 635 1921 719 inops
1984 637 2193 702 lucem
2263 636 2717 721 opperiebatur
2819 662 2820 671 ¹

360 730 698 812 tamquam
746 725 1014 791 exitium
1061 724 1446 790 adlaturam.
1530 726 1724 809 atque
1772 746 1919 789 eum
1962 726 2226 790 auctore
2260 724 2474 790 Burro
2513 726 2717 810 prima

289 829 321 879 5
361 815 810 880 centurionum
865 814 1401 897 tribunorumque
1461 812 1753 877 adulatio
1808 813 1890 879 ad
1939 835 2122 897 spem
2165 814 2479 896 firmavit,
2532 835 2716 899 pren-

363 905 649 969 santium
706 925 973 968 manum
1021 903 1547 986 gratantiumque
1594 901 1765 985 quod
1811 902 2161 967 discrimen
2206 903 2616 987 inprovisum
2658 907 2721 967 et

360 993 590 1058 matris
637 992 892 1058 facinus
937 991 1270 1056 evasisset.
1353 988 1547 1055 amici
1590 989 1824 1055 dehinc
1861 990 2039 1055 adire
2076 992 2342 1076 templa,
2386 994 2456 1055 et
2491 995 2720 1077 coepto

360 1083 655 1167 exemplo
702 1081 999 1182 proxima
1036 1077 1432 1163 Campaniae
1468 1079 1823 1163 municipia
1858 1079 2142 1144 victimis
2181 1084 2249 1143 et
2283 1079 2722 1165 legationibus

358 1170 677 1236 laetitiam
722 1169 980 1254 testari3
1025 1169 1165 1251 ipse
1214 1166 1469 1232 diversa
1516 1167 1932 1232 simulatione
1976 1171 2264 1233 maestus
2301 1172 2368 1233 et
2402 1169 2596 1255 quasi
2631 1169 2721 1232 in-

253 1276 321 1326 10
361 1258 721 1325 columitati
778 1279 930 1322 suae
985 1256 1278 1322 infensus
1331 1278 1406 1321 ac
1452 1257 1647 1320 morti
1691 1257 1985 1340 parentis
2035 1257 2475 1323 inlacrimans.
2572 1259 2721 1343 quia

366 1350 592 1413 tamen
636 1369 800 1432 non,
856 1349 929 1410 ut
970 1345 1307 1411 hominum
1354 1345 1601 1430 vultus,
1655 1346 1751 1409 ita
1801 1345 2093 1410 locorum
2138 1346 2337 1411 facies
2384 1349 2725 1410 mutantur

360 1436 954 1520 obversabaturque
1020 1434 1218 1499 maris
1282 1434 1459 1498 illius
1525 1436 1591 1498 et
1654 1433 1922 1499 litorum
1988 1435 2206 1520 gravis
2264 1438 2572 1519 aspectus
2635 1431 2725 1521 (et

360 1529 550 1590 erant
587 1525 697 1609 qui
735 1525 1069 1603 crederent
1115 1523 1401 1588 sonitum
1441 1522 1638 1588 tubae
1677 1522 1953 1588 collibus
1996 1524 2235 1589 circum
2274 1523 2465 1588 editis
2500 1524 2724 1608 planc-

358 1617 593 1699 tusque
647 1612 899 1678 tumulo
955 1612 1184 1677 matris
1247 1608 1503 1697 audiri),
1557 1610 1908 1696 Neapolim
1964 1612 2284 1677 concessit
2335 1611 2724 1696 litterasque

255 1720 322 1769 15
361 1701 445 1766 ad
500 1703 800 1766 senatum
854 1701 1061 1785 misit,
1125 1722 1398 1787 quarum
1456 1721 1711 1765 summa
1764 1703 1905 1765 erat
1957 1703 2285 1784 repertum
2341 1723 2489 1766 cum
2545 1700 2723 1766 ferro

360 1811 808 1874 percussorem
845 1788 1223 1874 Agerinum,
1261 1811 1339 1854 ex
1374 1789 1626 1854 intimis
1664 1787 2070 1874 Agrippinae
2107 1789 2379 1873 libertis,
2417 1792 2482 1854 et
2516 1789 2726 1855 luisse

363 1901 506 1943 eam
551 1899 798 1962 poenas
846 1877 1272 1960 conscientia,
1318 1877 1507 1962 quasi
1552 1879 1760 1942 scelus
1804 1878 2192 1963 paravisset.

257 1972 338 2035 11
539 1966 883 2032 Adiciebat
911 1967 1182 2032 crimina
1208 1967 1472 2052 longius
1499 1967 1798 2051 repetita,
1835 1965 2006 2051 quod
2037 1967 2431 2034 consortium
2457 1965 2728 2051 imperii

359 2055 814 2140 iuraturasque
860 2057 931 2121 in
973 2056 1253 2120 feminae
1299 2055 1499 2121 verba
1540 2055 1901 2140 praetorias
1939 2055 2240 2121 cohortes
2275 2055 2585 2140 idemque
2625 2056 2725 2120 de-

359 2145 551 2210 decus
589 2148 856 2210 senatus
895 2147 961 2210 et
995 2143 1228 2229 populi
1266 2144 1675 2227 speravisset,
1715 2166 1791 2210 ac
1827 2147 2174 2230 postquam
2211 2145 2455 2210 frustra
2485 2143 2728 2209 habita

359 2234 471 2318 sit,
545 2233 806 2299 infensa
868 2233 1066 2299 militi
1127 2232 1551 2318 patribusque
1618 2236 1684 2297 et
1745 2232 1920 2318 plebi
1984 2233 2397 2299 dissuasisset
2459 2233 2724 2299 donati-

288 2345 321 2394 5
358 2346 512 2388 vum
585 2327 651 2388 et
724 2323 1126 2408 congiarium
1199 2322 1614 2406 periculaque
1679 2320 1836 2386 viris
1900 2322 2283 2389 inlustribus
2352 2324 2726 2388 struxisset.

359 2416 602 2496 quanto
651 2435 767 2478 suo
813 2411 1037 2477 labore
1082 2413 1531 2496 perpetratum
1572 2432 1655 2475 ne
1690 2410 2093 2496 inrumperet
2128 2412 2392 2492 curiam,
2436 2432 2523 2476 ne
2567 2433 2726 2502 gen-

359 2605 447 2661 lus
495 2604 588 2660 die
625 2604 1155 2675 Thronbesteigung
1191 2602 1290 2657 des
1327 2602 1479 2659 Nero
1664 2608 1749 2657 14.
1796 2605 2007 2659 tumulo
2056 2604 2183 2670 (wie
2223 2604 2426 2659 vorher
2461 2605 2724 2673 collibus)

353 2674 1814 2800 prophezeiet.;³1gen‡ot
1845 2675 1989 2730 ohne
2033 2674 2521 2801 Ρῖἢροεῖίἡίοηνίῗ
2572 2673 2721 2801 ffi.

427 2800 525 2856 10.
585 2805 631 2854 1.
671 2800 915 2882 perfecto
960 2800 1152 2856 scelere
1198 2800 1340 2855 statt
1379 2798 1478 2853 des
1587 2821 1634 2882 g
1665 2762 1751 2873 32,
1755 2763 1791 2800 a
1814 2763 2025 2816 “arque
2101 2763 2237 2801 “mu
2256 2762 2288 2800 ⁰
2439 2763 2479 2815 g

355 2869 652 2940 Genetivs,
724 2870 822 2927 der
889 2870 949 2925 in
1016 2870 1252 2926 anderer
1310 2870 1478 2925 Form
1660 2893 1743 2942 17,
1809 2904 1929 2943 eam
1991 2887 2070 2941 ist
2132 2886 2396 2957 gumolffi,
2458 2888 2723 2943 „much

354 2943 514 3012 (eius)
552 2943 712 3013 folgt.
779 2941 852 2997 So
884 2941 1008 2997 hier
1036 2944 1222 2997 zuei-st
1246 2941 1342 2997 bei
1366 2941 1475 2996 Ta-
1585 2958 1976 3028 Aynffmm·
2000 2959 2413 3013 ...ommia
2431 2957 2513 3013 ist
2521 2957 2724 3015 Abla&x

355 3014 517 3081 citus
555 3014 709 3068 daun
739 3012 886 3067 ”0011
918 3017 1001 3079 15
1031 3018 1100 3067 30
1128 3018 1179 3067 et
1204 3014 1480 3081 mmmm&
1587 3045 1813 3084 causae:
1869 3029 1996 3084 weil
2054 3030 2135 3084 sie
2181 3029 2303 3083 sich
2349 3028 2450 3084 der
2495 3029 2726 3086 Schuld

352 3100 476 3153 '‘090
513 3115 578 3123 -··
616 3084 801 3151 ‘1⁶17‘ssssit
836 3053 1001 3151 (15ῒᾶἉῆζ
1033 3085 1362 3152 militantem
1396 3099 1478 3137 ΥΘ·
1586 3098 1830 3155 bewusst
1864 3116 2140 3169 gewesen,
2167 3100 2315 3154 habe
2342 3099 2426 3154 sie
2452 3099 2550 3154 ihr
2577 3101 2722 3156 Ver-

352 3155 506 3225 φη)-
576 3159 660 3222 15
693 3157 760 3207 ⁵1
801 3154 1187 3208 cunctantibus
1225 3155 1322 3208 ott-
1359 3153 1477 3207 und
1627 3171 1771 3227 eheu
1817 3170 1992 3226 selbot
2029 3172 2288 3241 gesuhnt.
2328 3201 2396 3210 -
2434 3173 2610 3240 quasi
2647 3172 2725 3226 ist

354 3226 495 3281 statt
530 3224 629 3279 des
665 3223 929 3280 Genetiva
966 3224 1111 3279 auch
1149 3229 1332 3293 16,17
1371 3240 1478 3295 quo
1585 3187 1804 3297 ἕψεαι

351 3296 636 3363 interfecto
677 3295 811 3350 dum
842 3311 955 3350 rem
989 3296 1324 3363 familiarem
1359 3297 1479 3350 eius

352 3368 555 3423 acriter
588 3366 835 3437 requirit.
903 3366 1018 3420 Das
1053 3366 1308 3421 absolute
1339 3365 1477 3422 Par·
1656 3365 1754 3422 11.
1821 3371 1873 3422 3.
1928 3366 2145 3432 frustra
2196 3366 2415 3433 habita,
2467 3366 2585 3421 wie
2639 3372 2726 3434 13,

352 3438 492 3507 ticip
520 3440 663 3493 statt
680 3437 778 3492 des
797 3436 1284 3507 kongruierenden
1300 3438 1478 3493 findet
1584 3443 1670 3493 37.
1702 3442 1787 3492 51.
1850 3436 2017 3491 Diese
2043 3436 2359 3506 Konjektur
2386 3453 2499 3492 von
2527 3438 2726 3492 Mutet

351 3508 475 3636 {ich
513 3510 686 3564 sehon
720 3509 813 3563 bei
853 3507 1071 3577 Cicero,
1120 3507 1322 3564 Caesar
1357 3508 1475 3563 und
1583 3509 1734 3633 stehlil:
1758 3507 1898 3633 ¹:der
1949 3506 2266 3563 Handschr.
2324 3507 2564 3578 (ablata)
2625 3524 2723 3563 am

396 3579 556 3635 ivius.
1582 3584 1690 3634 nac
1732 3597 1757 3633 s
1786 3594 1871 3632 611.

424 3657 476 3706 2.
523 3652 732 3722 reliquo
758 3653 949 3708 meti&
1000 3650 1133 3720 Vgl.
1160 3650 1292 3705 hist.
1322 3656 1374 3720 3,
1404 3656 1473 3705 79
1658 3656 1708 3706 4.
1777 3636 1931 3704 Uber
1993 3649 2106 3704 den
2157 3648 2537 3704 Unterschied
2601 3667 2725 3706 von

350 3725 521 3779 multo
574 3724 688 3778 iam
741 3724 917 3778 noctis
962 3728 994 3777 2
1009 3765 1022 3791 ,
1064 3728 1133 3778 14
1185 3724 1476 3778 obscurum
1582 3722 1907 3777 donativum
1965 3721 2083 3775 und
2136 3720 2488 3792 conqiarium
2543 3737 2587 3776 s.
2652 3739 2723 3775 zu

350 3796 541 3850 noctis
582 3825 650 3835 -
686 3795 915 3862 defixum
952 3792 1060 3848 wie
1089 3793 1210 3851 Liv.
1242 3798 1293 3863 8,
1325 3799 1374 3863 7,
1402 3798 1471 3847 21
1585 3798 1677 3861 13,
1716 3798 1804 3850 31.

350 3866 570 3921 silentio
606 3863 819 3933 defixus
854 3866 1016 3921 stetit.
1654 3869 1703 3918 5.
1749 3863 2110 3934 periculaque
2154 3864 2253 3918 ctt.
2306 3861 2433 3944 sjnd
2478 3862 2576 3917 die
2625 3862 2722 3917 In·

424 3942 473 3991 6.
520 3938 879 4008 gratantium.
966 3935 1020 3990 S.
1067 3954 1135 3990 zu
1170 3936 1277 4006 ΚΡ.
1315 3939 1349 3989 8
1397 3934 1474 3990 ad
1580 3935 1823 4006 triguen,
1859 3935 1968 3991 mit
2002 3934 2260 3992 walchen
2299 3931 2380 3989 sie
2409 3933 2535 3988 ihre
2562 3932 2722 4005 Geg-

350 4009 704 4078 9ratandum.
1582 4023 1682 4062 ner
1718 4005 2010 4075 verfolgtc.

426 4083 509 4133 11.
556 4080 728 4145 facies
771 4095 885 4134 von
932 4079 1031 4134 der
1075 4076 1332 4133 ausseren
1368 4076 1473 4132 Ge·
1653 4083 1703 4131 6.
1741 4082 2062 4147 perpetrare
2095 4092 2165 4132 ne
2198 4073 2278 4131 ist
2311 4068 2412 4131 ἅτε.
2443 4076 2566 4145 clo„
2601 4074 2724 4131 wie

353 4148 493 4202 stalt
527 4150 627 4203 der
662 4150 846 4219 Dinge
881 4149 990 4204 wie
1026 4148 1132 4218 ΚΡ.
1163 4156 1212 4204 8.
1253 4147 1388 4203 hist.
1422 4153 1473 4216 1,
1570 4153 1891 4230 perpetrare
1925 4152 1990 4202 ut
2029 4152 2125 4214 12,
2162 4150 2247 4201 58.
2286 4177 2358 4188 —
2392 4147 2726 4216 iamper-e

352 4221 423 4271 85
468 4219 649 4285 facies
682 4221 810 4276 belli
853 4220 968 4274 und
1016 4219 1177 4275 oster.
1257 4218 1332 4273 So
1377 4236 1472 4272 zu·
1580 4218 1687 4274 mit
1722 4218 1850 4274 dem
1886 4217 2219 4287 Accusativ,
2255 4217 2362 4273 wie
2401 4222 2452 4285 1,
2481 4222 2552 4272 48
2585 4217 2721 4271 und

353 4288 468 4342 erst
500 4287 595 4343 bei
630 4290 834 4360 Van-0,
871 4290 1085 4346 Sallust
1118 4288 1236 4344 und
1270 4287 1471 4359 virgil.
1581 4289 1691 4357 oft,
1728 4291 1902 4346 sehon
1943 4288 2098 4345 Caes.
2135 4288 2191 4343 b.
2232 4306 2276 4345 c.
2319 4294 2377 4356 1,
2408 4259 2495 4344 2’7.
2535 4318 2604 4328 —
2649 4287 2722 4342 In
