2867 4625
1024 101 1244 157 LIBER
1280 102 1372 159 XI.
1431 102 1588 160 CAP.
1629 109 1785 159 3-7.
2541 94 2581 169 7

209 273 430 334 torum
475 265 766 351 perfidia,
808 264 970 331 adeo
1016 268 1092 330 ut
1139 262 1416 348 Samius,
1459 266 1736 352 insignis
1784 287 1978 350 eques
2015 265 2371 352 Romanus,
2417 288 2575 353 qua·
2614 285 2648 334 5

207 356 575 442 ‹lt-ingentis
619 375 1034 421 nummorum
1080 354 1343 419 milibus
1382 353 1615 420 Suillio
1665 355 1835 421 datis
1884 358 1952 421 et
1994 355 2261 441 cognita
2305 377 2576 441 praeva-

207 447 523 512 ricatione
575 443 749 510 ferro
805 444 876 509 in
932 443 1124 509 domo
1181 443 1319 509 eius
1374 444 1756 510 incubuerit.

1846 444 2052 529 igitur
2103 446 2456 530 incipiente
2504 443 2579 512 O.

208 532 375 601 Silio
422 533 685 600 consule
729 533 1093 618 designato,
1138 532 1320 598 cuius
1364 532 1446 598 de
1491 534 1792 618 potentia
1831 538 1894 598 et
1935 534 2134 600 exitio
2170 535 2242 599 in
2278 538 2577 620 tempore

209 624 609 708 memorabo,
653 625 1056 708 consurgunt
1098 625 1346 706 patres·
1363 622 1706 708 legemque
1742 619 2036 688 Cinciam
2071 623 2400 709 flagitant,
2444 645 2579 709 qua

202 716 474 778 cavetur
519 711 899 796 antiquitus,
947 732 1029 775 ne
1075 710 1221 794 quis
1269 710 1353 777 ob
1400 732 1666 776 causam
1712 710 2026 776 orandam
2071 712 2417 796 pecuniam
2465 711 2575 780 do-
2617 730 2687 779 ιο

200 823 448 867 numve
494 801 785 884 accipiat.

389 889 640 955 Deinde
677 889 1202 973 obstrepentibus
1238 888 1339 973 iis,
1380 888 1617 973 quibus
1655 909 1733 954 ea
1767 889 2165 955 contumelia
2197 890 2577 975 parabatur,
2599 892 2643 956 6

203 980 456 1044 discors
486 976 716 1044 Suillio
745 976 945 1043 Silius
982 978 1218 1044 acriter
1242 977 1558 1061 incubuit,
1592 980 1887 1043 veterum
1914 981 2251 1044 oratorum
2279 980 2579 1063 exempla

204 1068 523 1153 referens,
580 1067 691 1152 qui
743 1066 989 1132 famam
1042 1066 1129 1131 ad
1181 1068 1479 1150 posteros
1535 1066 1824 1150 praemia
1870 1068 2275 1152 eloquentiae
2319 1067 2576 1153 cogita-

206 1157 479 1223 vissent.
557 1155 1061 1240 pulcherrimam
1108 1156 1397 1240 alioquin
1441 1159 1512 1220 et
1556 1156 1875 1221 bonarum
1924 1156 2163 1221 artium
2205 1157 2572 1241 principem

204 1245 487 1312 sordidis
524 1245 909 1310 ministeriis
952 1244 1228 1330 foedari3
1274 1266 1355 1309 ne
1393 1244 1591 1309 fidem
1629 1244 1890 1330 quidem
1924 1245 2253 1332 integram
2289 1266 2575 1330 manere,
2611 1263 2647 1312 5

203 1334 324 1399 ubi
366 1333 753 1420 magnitudo
801 1337 1189 1417 quaestuum
1239 1336 1583 1417 spectetur.
1673 1333 1848 1419 quod
1896 1333 1954 1399 si
1998 1334 2070 1399 in
2114 1334 2360 1400 nullius
2406 1355 2574 1399 mer·-

199 1423 427 1488 cedem
455 1423 722 1508 negotia
748 1425 919 1507 eant,
946 1422 1259 1506 pauciora
1282 1422 1451 1487 fore:
1486 1444 1657 1491 nunc
1683 1422 2080 1508 inimicitias,
2108 1423 2576 1508 accusationes,

197 1511 360 1577 odia
407 1516 472 1578 et
514 1512 786 1576 iniurias
831 1510 1061 1596 foveri,
1105 1514 1179 1576 ut
1224 1533 1352 1596 quo
1397 1511 1593 1577 modo
1638 1512 1739 1576 vis
1777 1512 2154 1578 morborum
2188 1512 2403 1596 pretia
2439 1533 2575 1577 me-

196 1600 528 1684 dentibus,
572 1600 669 1665 sic
713 1600 839 1665 fori
883 1600 1068 1666 tabes
1113 1600 1457 1685 pecuniam
1495 1600 1827 1667 advocatis
1862 1601 2047 1666 ferat.
2120 1601 2576 1666 meminissent

197 1687 276 1755 C.
325 1688 567 1773 Asinii,
616 1688 705 1754 M.
750 1687 1094 1755 Messallae
1141 1710 1217 1754 ac
1260 1690 1693 1755 recentiorum
1739 1688 2038 1769 Arruntii
2079 1692 2152 1754 et
2196 1688 2572 1756 Aesernini:
2616 1708 2684 1760 10

196 1778 291 1843 ad
337 1800 594 1845 summa
637 1781 979 1863 provectos
1025 1778 1405 1862 incorrupta
1449 1779 1585 1844 vita
1625 1782 1694 1842 et
1728 1778 2049 1844 facundia.
2120 1779 2284 1844 talia
2319 1779 2575 1846 dicente

194 1868 470 1933 consule
532 1867 899 1951 designato,
972 1867 1533 1933 consentientibus
1604 1868 1748 1933 aliis
1811 1869 2169 1951 parabatur
2229 1867 2576 1952 sententia,

196 1978 336 2042 qua
373 1956 518 2042 lege
553 1955 1058 2040 repetundarum
1094 1959 1496 2041 tenerentur,
1541 1978 1689 2022 cum
1729 1955 1996 2022 Suillius
2035 1960 2103 2022 et
2138 1954 2570 2023 Cossutianus

194 2049 272 2110 et
316 2045 531 2129 ceteri,
578 2045 688 2130 qui
731 2065 864 2111 non
910 2044 1237 2129 iudicium,
1283 2045 1522 2130 quippe
1569 2046 1637 2110 in
1684 2045 2089 2130 manifestos,
2134 2045 2249 2110 sed
2285 2067 2570 2129 poenam

194 2134 411 2201 statui
446 2134 775 2218 videbant,
820 2133 1307 2199 circumsistunt
1342 2132 1709 2219 Gaesarem,
1755 2137 1906 2199 ante
1943 2137 2089 2199 acta
2123 2133 2564 2218 deprecantes.
2609 2155 2678 2205 15

383 2221 477 2287 Et
511 2226 856 2307 postquam
894 2222 1138 2301 adnuit,
1174 2222 1272 2287 ita
1309 2243 1501 2308 agere
1537 2223 1883 2308 incipiunt.
1922 2243 2114 2308 quem
2152 2221 2339 2287 illum
2375 2226 2567 2287 tanta
2592 2229 2629 2292 7

195 2312 512 2397 superbia
557 2334 717 2398 esse,
760 2315 836 2377 ut
881 2312 1337 2377 aeternitatem
1383 2310 1595 2378 famae
1644 2335 1759 2398 spe
1804 2310 2224 2397 praesumat?
2303 2312 2455 2377 usui
2502 2315 2571 2377 et

193 2403 399 2467 rebus
436 2400 796 2467 subsidium
830 2400 1232 2486 praeparari,
1265 2422 1349 2466 ne
1386 2402 1538 2487 quis
1556 2402 1800 2486 ‚inopia
1833 2401 2301 2468 advocatorum
2332 2405 2570 2485 poten·

273 2651 323 2700 5.
364 2646 606 2715 insignis
642 2671 710 2691 ==
745 2645 1008 2712 illusa-is,
1043 2644 1153 2713 Kp.
1189 2649 1242 2700 4.

271 2723 325 2771 6.
381 2717 558 2782 datis,
602 2733 700 2770 um
746 2714 995 2771 namlich
1033 2715 1125 2769 die
1162 2731 1331 2785 ange·

193 2787 483 2856 kfindigte
518 2784 781 2856 Anklage
827 2803 888 2843 so
933 2786 1107 2840 milde
1145 2786 1331 2842 einzu·

192 2858 438 2924 richten‚
483 2857 605 2913 dass
645 2858 746 2912 der
779 2856 1092 2928 Verklagte
1127 2857 1330 2927 freige-

194 2930 483 2999 sprochen
516 2929 724 2984 wurde.
796 2927 905 2982 Ειιι
942 2944 1005 2984 so
1041 2929 1330 2983 bestoche·

193 3016 301 3055 ner
338 3000 632 3084 Anklager
674 2999 848 3055 heifst
893 3000 1066 3055 sehon
1109 2999 1204 3054 bei
1241 2998 1330 3054 Oi-

194 3087 330 3199 een?
361 3087 696 3198 ma.
755 3114 910 3197 liber
945 3142 1046 3197 das
1083 3103 1328 3211 Tempus

192 3231 242 3268 s.
281 3213 432 3267 Einl.
471 3218 517 3279 §-
557 3219 644 3269 98.

273 3290 324 3339 8.
349 3285 793 3368 comuledesiqn.
823 3283 874 3337 V
876 3284 953 3353 g.l
974 3289 1113 3352 2113,
1133 3289 1222 3352 22,
1245 3288 1327 3338 14.

273 3353 450 3409 Silius
495 3354 637 3409 wird
678 3355 759 3409 im
798 3301 1051 3410 Oktober
1086 3327 1184 3410 des
1221 3353 1327 3409 fol-

194 3425 429 3551 ffinden
472 3425 673 3481 Jahres
727 3427 841 3495 (48)
896 3442 1095 3496 wegen
1148 3425 1329 3481 seines

291 3495 534 3551 ebruchs
595 3497 703 3551 mit
764 3494 1068 3551 Messalina
1130 3496 1328 3565 hinge-

194 3566 429 3622 richtet.

274 3638 557 3707 9.1e9em
613 3638 893 3705 Oineiam,
955 3638 1206 3693 namlich
1265 3637 1332 3693 de

194 3709 368 3764 donis
401 3713 454 3763 et
484 3703 822 3776 muner-iffae,
857 3709 935 3762 im
972 3708 1024 3763 J.
1057 3714 1164 3764 204
1199 3724 1332 3764 vom

198 3780 493 3906 Trffiwffl
521 3779 595 3837 M.
628 3779 850 3835 Cincius
877 3779 1196 3835 Alimentus
1233 3796 1326 3850 ge-

197 3868 273 3921 ge
352 3868 388 3905 n

271 3993 335 4048 6.
387 3999 440 4048 3.
476 3994 686 4062 famam
720 3994 1096 4062 adposteros,
1131 3991 1239 4048 wie
1279 3997 1329 4062 1,

201 4070 237 4120 8
274 4066 462 4134 gloria
498 4066 575 4120 ad
601 4070 863 4133 posteros.

278 4141 327 4190 ¹¹1.
379 4137 603 4205 myctia
646 4137 712 4190 in
753 4135 1043 4192 mercedem
1086 4139 1220 4189 eunt
1255 4134 1332 4189 ist

202 4206 333 4261 eine
385 4222 532 4261 neue
585 4206 796 4261 Phrase
850 4209 997 4262 nach
1049 4205 1331 4276 Analogie

200 4294 317 4334 von
363 4283 415 4346 5,
455 4282 521 4332 11
561 4278 694 4333 odia
729 4279 794 4331 in
822 4279 1123 4348 perniciem
1156 4278 1328 4332 itura.

1447 2652 1530 2716 12,
1578 2650 1646 2701 68
1701 2646 1785 2701 ire
1836 2647 1902 2701 in
1954 2645 2148 2701 melius
2197 2646 2574 2702 valetudinem

1435 2718 1737 2787 ΡΥἱΜίΡῑθ-

1513 2811 1563 2860 9.
1615 2806 1732 2873 fori
1765 2806 1915 2861 tabes
1951 2804 2360 2862 Procefssucht.

1515 2900 1599 2951 10.
1650 2893 1877 2950 Asinius
1913 2892 2100 2951 Pollio
2145 2894 2265 2948 und
2300 2894 2575 2950 Messalla

1441 2963 1713 3021 Corvinus
1748 2965 1876 3020 sind
1912 2966 1998 3022 oft
2034 2967 2322 3021 erwahnte
2362 2966 2575 3021 bedeu-
2624 2972 2639 2994 ⁸

1436 3036 1606 3092 tende
1658 3036 1884 3092 Redner
1936 3039 2101 3092 unter
2146 3037 2450 3107 Augustus.
2501 3068 2574 3077 -—

1435 3106 1763 3178 Arruntius,
1844 3111 2012 3163 unter
2085 3108 2345 3162 Tiberius
2415 3107 2569 3163 hoch

1479 3178 1720 3247 eachtet‚
1757 3195 1875 3234 war
1910 3177 1991 3233 im
2025 3178 2079 3235 J.
2119 3184 2187 3233 3⁷
2226 3178 2404 3234 durch
2441 3180 2569 3234 eine

1462 3249 1639 3305 rivole
1666 3250 1927 3321 Anklnge
1955 3267 2082 3304 zum
2102 3248 2454 3305 Selbstmord
2471 3267 2573 3320 ge-

1433 3319 1673 3377 trieben.
1696 3320 1750 3375 S.
1769 3328 1826 3389 6,
1842 3326 1930 3376 48.
1953 3319 2341 3376 —Marcellus
2362 3323 2561 3376 Aeser·

1433 3390 1597 3445 ninus
1650 3391 1729 3446 ist
1786 3390 1879 3446 ein
1934 3390 2118 3447 Enkel
2181 3391 2282 3446 des
2336 3389 2569 3446 Asinius

1432 3459 1636 3517 Pollio.

1514 3556 1597 3605 13.
1637 3549 2001 3606 Cossutianus
2031 3549 2235 3621 Capito
2268 3549 2411 3605 vird
2440 3554 2572 3633 spa·-

1437 3624 1527 3676 ter
1581 3637 1790 3692 wegen
1832 3620 2188 3690 Erpressung
2247 3621 2571 3689 vemt-tent,

1436 3692 1660 3747 kommt
1704 3693 1841 3748 abet
1884 3692 2095 3747 wieder
2138 3692 2199 3746 in
2244 3692 2355 3749 den
2394 3691 2572 3748 Senat

1435 3763 1554 3817 und
1597 3763 1728 3818 tritt
1771 3762 1879 3818 mit
1913 3762 2112 3833 Erfolg
2153 3764 2240 3818 als
2274 3763 2571 3834 Anklnger

1436 3832 1540 3889 des
1563 3832 1815 3890 Thrasea
1839 3834 1954 3903 auf,
1990 3834 2172 3891 wofur
2198 3850 2260 3890 er
2285 3833 2570 3904 glanssnd

1434 3905 1677 3961 belohnt
1710 3906 1853 3962 wird
1888 3908 1997 3977 (16,
2034 3908 2148 3976 33).

1514 4048 1571 4103 7.
1624 4055 1675 4103 2.
1721 4050 1855 4104 usui
1898 4054 1949 4105 et
1992 4050 2154 4105 rebus
2196 4047 2275 4101 ist
2317 4044 2570 4100 Hendia-

1435 4117 1567 4245 (111ζῖ
1561 4119 1687 4245 ein?
1713 4120 1806 4175 die
1829 4120 2061 4190 notigen
2079 4116 2442 4174 Bedurfniose
2471 4107 2573 4171 des

1512 4283 1563 4332 3.
1592 4280 1911 4347 potentibus
1922 4279 1976 4335 d.
1992 4279 2047 4335 h.
2065 4278 2264 4347 denen,
2281 4278 2374 4335 die
2389 4277 2574 4334 durch
