2867 4625
989 96 1208 152 LIBER
1242 96 1310 152 11.
1387 96 1542 153 CAP.
1576 103 1803 154 11-13,
2447 99 2573 165 139

402 258 624 323 Funus
674 259 813 323 31110
849 259 1247 346 imaginibus
1286 264 1351 323 et
1385 282 1630 345 pompa
1664 282 1783 344 per
1818 260 2042 326 laudes
2080 283 2155 326 ac
2191 262 2573 326 memoriam
2595 279 2680 344 73

231 349 537 413 virtutum
566 349 702 412 eius
743 349 995 413 celebre
1033 348 1174 413 fuit.
1222 356 1287 412 et
1324 355 1513 413 erant
1550 349 1660 434 qui
1697 349 1996 433 formam,
2034 354 2332 432 aetatem,
2370 372 2573 436 genus

231 436 480 520 mortis,
537 437 620 500 ob
665 438 1221 522 propinquitatem
1270 438 1471 502 etiam
1518 438 1837 517 locorum,
1893 438 1963 503 in
2021 439 2254 523 quibus
2308 440 2574 523 interiit,

229 526 445 611 magni
506 525 859 590 Alexandri
918 527 1074 591 fatis
1137 527 1589 611 adaequarent.
1680 549 1833 592 nam
1895 531 2242 612 utrumque
2307 549 2574 613 corpore

230 615 472 692 decoro,
518 634 752 700 genere
798 615 1063 700 insigni,
1109 615 1283 679 haud
1331 616 1612 680 multum
1660 616 1937 700 triginta
1983 638 2186 682 annos
2224 637 2575 702 egressum,
2612 648 2644 696 5

228 724 484 767 suorum
520 702 776 768 insidiis
815 708 1114 768 externas
1152 704 1324 768 inter
1362 708 1590 788 gentes
1630 704 1966 789 occidisse3
2005 706 2118 770 sed
2147 706 2317 770 hunc
2346 705 2572 770 mitem

226 812 376 875 erga
440 791 711 876 amicos,
775 793 1101 858 modicum
1166 794 1611 877 voluptatum,
1675 815 1804 858 uno
1869 794 2316 877 matrimonio,
2381 794 2573 859 certis

226 880 443 944 liberis
502 881 738 964 egisse,
795 903 1004 966 neque
1063 881 1274 946 minus
1328 881 1821 966 proeliatorem,
1875 883 2073 947 etiam
2130 884 2187 947 si
2239 884 2572 948 temeritas

231 968 460 1032 afuerit
519 970 1065 1056 praepeditusque
1128 971 1217 1034 sit
1277 971 1609 1054 perculsas
1677 975 1780 1035 tot
1841 971 2131 1036 victoriis
2188 970 2572 1036 Germanias

234 1056 523 1122 servitio‘
559 1080 870 1142 premere.
962 1058 1134 1143 quod
1199 1059 1257 1122 si
1323 1060 1500 1124 solus
1567 1060 1812 1124 arbiter
1874 1081 2122 1142 rerum,
2188 1061 2245 1124 si
2307 1061 2446 1124 iure
2508 1063 2575 1124 et
2613 1091 2679 1142 10

227 1146 483 1211 nomine
545 1148 727 1232 regio
787 1148 1045 1230 fuisset,
1107 1151 1298 1212 tanto
1352 1149 1722 1233 promptius
1780 1148 2233 1213 adsecuturum
2295 1148 2573 1235 gloriam

225 1235 516 1319 militiae,
564 1239 874 1320 quantum
915 1237 1276 1319 clementia,
1320 1236 1778 1320 temperantia,
1824 1237 2054 1302 ceteris
2093 1238 2282 1302 bonis
2321 1237 2572 1302 artibus

229 1287 679 1411 praestitisset.
770 1348 1001 1410 corpus
1065 1329 1415 1409 antequam
1477 1330 1873 1390 cremaretur
1928 1326 2244 1391 nudatum
2303 1327 2375 1391 in
2427 1327 2572 1390 foro

228 1399 789 1499 Antiochensium,
828 1416 937 1500 qui
974 1416 1154 1480 locus
1193 1416 1562 1498 sepulturae
1600 1414 2066 1499 destinabatur,
2102 1416 2571 1500 praetuleritne

223 1502 513 1566 veneficii
561 1503 777 1589 signa,
833 1526 1066 1588 parum
1122 1504 1448 1589 constitit3
1506 1525 1659 1568 nam
1704 1507 1778 1568 ut
1822 1504 1968 1589 quis
2014 1503 2459 1570 misericordia
2501 1504 2573 1568 in
2613 1534 2678 1583 15

227 1589 681 1657 Germanicum
728 1597 796 1657 et
839 1598 1260 1678 praesumpta
1308 1593 1674 1676 suspicione
1720 1595 1835 1658 aut
1877 1594 2105 1659 favore
2152 1595 2219 1657 in
2264 1592 2573 1658 Pisonem

227 1681 506 1763 pronior,
556 1681 795 1746 diversi
841 1683 1460 1765 interpretabantur.

395 1767 857 1835 Consultatum
928 1771 1077 1835 inde
1152 1771 1324 1835 inter
1395 1771 1653 1855 legatos
1720 1771 1954 1853 quique
2024 1770 2137 1834 alii
2202 1776 2572 1834 senatorum
2594 1786 2679 1850 74

226 1858 506 1937 aderant,
557 1859 855 1942 quisnam
896 1858 1124 1924 Suriae
1168 1859 1645 1943 praeficeretur.
1718 1864 1783 1923 et
1829 1858 2060 1924 ceteris
2106 1858 2355 1923 modice
2390 1858 2572 1942 nisis,

225 1946 384 2010 inter
441 1945 714 2011 Vibium
778 1947 1066 2013 Marsum
1133 1954 1196 2012 et
1242 1947 1374 2013 ·011.
1431 1946 1727 2012 Sentium
1793 1947 1903 2012 diu
1967 1948 2364 2031 quaesitum3
2427 1947 2575 2011 dein

228 2033 475 2100 Marsus
535 2036 777 2101 seniori
832 2041 896 2100 et
954 2036 1166 2101 acrius
1211 2036 1503 2101 tendenti
1550 2034 1773 2102 Sentio
1821 2035 2154 2105 concessit.
2246 2037 2429 2119 isque
2473 2036 2574 2099 in-

227 2123 456 2188 famem
487 2125 812 2190 veneficiis
853 2147 929 2190 ea
965 2125 1034 2189 in
1070 2125 1406 2210 provincia
1444 2129 1509 2188 et
1536 2123 1887 2190 Plancinae
1924 2146 2277 2209 percaram,
2313 2124 2572 2189 nomine
2611 2156 2643 2205 5

228 2210 605 2297 Martinam,
652 2216 720 2278 in
767 2215 993 2278 urbem
1041 2213 1248 2298 misit,
1304 2213 1792 2298 postulantibus
1839 2211 2113 2278 Vitellio
2162 2235 2237 2277 ac
2283 2211 2569 2279 Veranio

228 2303 578 2387 ceterisque
627 2303 738 2388 qui
784 2303 1056 2368 crimina
1103 2310 1170 2368 et
1217 2302 1695 2369 accusationem
1740 2306 2075 2388 tamquam
2123 2301 2430 2367 adversus
2478 2323 2573 2367 re·

234 2396 442 2475 ceptos
491 2392 626 2456 iam
674 2414 818 2457 reos
865 2393 1293 2457 instruebant.

392 2484 491 2545 At
535 2481 919 2565 Agrippina,
967 2503 1356 2567 quamquam
1404 2480 1656 2545 defessa
1700 2481 1879 2545 luctu
1926 2483 1992 2543 et
2038 2500 2307 2563 corpore
2356 2499 2570 2562 aegre,
2593 2495 2677 2560 75

234 2571 513 2635 omnium
559 2573 783 2635 tamen
829 2592 992 2655 quae
1039 2571 1356 2636 ultionem
1403 2573 1810 2635 morarentur
1854 2569 2233 2650 intolerans,
2281 2567 2574 2632 ascendit

233 2657 501 2724 classem
577 2680 724 2724 cum
797 2660 1120 2724 cineribus
1194 2657 1563 2725 Germanici
1637 2662 1702 2722 et
1773 2657 2028 2741 liberis,
2111 2656 2570 2721 miserantibus

235 2848 427 2917 Leben,
465 2851 576 2905 wie
605 2868 691 2921 cp.
715 2857 800 2906 71.
829 2858 881 2918 4,
915 2857 981 2906 18
1010 2853 1220 2906 destrui
1246 2868 1351 2921 per
1461 2851 1766 2921 auyebatur
1802 2851 2039 2905 militum
2085 2864 2372 2916 uumerus,
2417 2851 2573 2902 tanto

233 2920 353 2976 haec
384 2892 676 2988 fortunam
711 2938 886 2990 suam,
923 2922 1040 2976 und
1080 2923 1240 2977 ofter.
1457 2922 1663 2976 maiore
1689 2922 1934 2990 pecunia
1968 2922 2032 2975 iu
2066 2921 2402 2989 stipendium
2436 2933 2573 2988 opus

298 2992 325 3043 7
332 2992 388 3046 3
435 2999 490 3047 4.
539 2993 910 3063 adaequare,
914 2991 1348 3082 ,vergleichen‘ss
1458 2996 1591 3047 erat.

235 3061 289 3114 in
322 3063 506 3118 dieser
541 3064 877 3134 Bedeutung
914 3062 1010 3117 ἅπ.
1042 3063 1164 3133 sip„
1201 3062 1350 3118 nach
1532 3061 1626 3117 74.
1675 3069 1723 3118 3.
1774 3062 1969 3117 Vibius
2004 3061 2144 3116 wird
2180 3061 2260 3115 im
2294 3060 2465 3115 Jahre
2502 3066 2570 3114 37

235 3132 502 3205 Analogia
576 3151 688 3189 von
761 3152 1024 3205 aequare,
1104 3134 1347 3189 welches
1456 3134 1514 3187 in
1570 3134 1698 3187 eine
1751 3133 2010 3203 Anklage
2042 3196 2046 3201 ⁸
2074 3132 2176 3186 auf
2225 3132 2575 3186 Hochverrat

238 3205 398 3258 sehon
458 3203 652 3259 Cicero
707 3206 824 3261 und
877 3206 1066 3261 Livius
1125 3223 1187 3260 so
1251 3223 1346 3275 ge·
1455 3203 1809 3272 verwickelt,
1866 3205 2003 3259 aber
2058 3203 2235 3258 durch
2290 3202 2401 3257 den
2450 3202 2572 3257 Tod

237 3273 304 3327 br·
297 3276 527 3331 unchen.
1426 3276 1553 3330 des
1601 3273 1861 3329 Tiberius
1954 3276 2169 3330 erettet.
2224 3305 2297 3314 —
2351 3274 2574 3328 Sentius

300 3352 346 3401 5.
388 3348 642 3416 1119111110.
692 3346 769 3401 Ει·
805 3364 922 3402 war
949 3353 1020 3402 33
1048 3348 1081 3401 J
1086 3350 1220 3401 ahre
1247 3348 1345 3402 alt.

302 3423 347 3473 7.
382 3419 633 3473 modicus
652 3418 757 3473 mit
776 3419 904 3473 dem
925 3419 1180 3486 Genetiv,
1202 3417 1348 3472 efter

1454 3363 1573 3400 war
1610 3352 1644 3399 4
1679 3363 1733 3401 11.
1767 3345 1890 3401 Chr.

1976 3346 2136 3401 onsul
2173 3360 2447 3415 gewesen.

1528 3423 1577 3471 6.
1627 3416 1861 3471 Vitellio.
1910 3417 1984 3471 Es
2022 3417 2097 3471 ist
2131 3415 2363 3470 Publius
2391 3414 2572 3469 Vitel-

236 3486 290 3541 in
323 3489 428 3543 den
467 3488 750 3553 Annalen,
789 3491 867 3544 ist
903 3488 1345 3556 nachklassisch,

240 3576 332 3613 nur
381 3561 529 3614 noch
583 3559 678 3615 bei
726 3559 872 3616 Vell.
915 3569 970 3629 1,
1012 3566 1106 3626 12,
1145 3566 1194 3614 4.
1273 3560 1345 3615 So

240 3630 371 3684 auch
404 3632 728 3686 immodicus
761 3633 940 3687 animi
984 3632 1117 3686 hist.
1162 3638 1187 3686 1
1204 3674 1218 3699 ,
1258 3636 1343 3686 53.

238 3716 355 3757 ann.
387 3706 473 3770 15,
501 3708 587 3756 23.

303 3776 351 3828 8.
378 3774 699 3843 proeliator,
729 3774 874 3828 auch
894 3772 1030 3829 dial.
1053 3778 1138 3840 37,
1168 3771 1347 3827 findet

241 3842 350 3896 sich
383 3861 490 3898 nm·
524 3844 587 3898 in
620 3844 939 3901 nachklass.
976 3843 1166 3899 Prosa.

309 3920 384 3969 11.
423 3916 839 3984 adsecuturum,
878 3915 998 3973 scil.
1034 3917 1233 3983 fuisse,
1279 3934 1348 3969 zu

242 3999 317 4052 cp.
346 3992 429 4042 31.

307 4062 384 4111 12.
433 4062 729 4128 quantum,
777 4057 906 4111 dem
943 4056 1349 4125 voraufgehen-

245 4124 342 4181 den
375 4133 530 4184 tanto
580 4127 1016 4197 entsprechend,
1064 4127 1171 4183 1110
1216 4127 1348 4182 11131.

247 4201 291 4262 2,
310 4202 373 4253 99
392 4206 658 4269 quantum
687 4201 926 4255 110003-
951 4204 1106 4253 tanto
1129 4215 1349 4267 promp-

249 4268 357 4323 tior.
417 4270 533 4326 Liv.
566 4275 749 4341 5,10,
780 4276 812 4325 5
859 4275 1127 4341 quantum
1173 4276 1351 4325 autem

1453 3486 1581 3548 11113,
1622 3504 1663 3541 3.
1703 3506 1770 3541 zu
1811 3493 1858 3554 1,
1898 3494 1981 3544 70.
2033 3519 2096 3527 -
2147 3487 2386 3543 Veranio
2424 3503 2466 3542 3.
2506 3504 2574 3541 zu

1455 3575 1485 3612 0
1573 3562 1658 3613 56

1488 3577 1578 3684 Ρ7.
1636 3635 1914 3698 tamquam
1968 3634 2058 3683 ctt.
2147 3626 2423 3698 Obgleich
2482 3627 2572 3683 die

1455 3699 1635 3770 Klage
1680 3701 1828 3755 noch
1871 3700 2030 3755 nicht
2073 3699 2404 3768 eingeleitet
2438 3716 2571 3766 war,

1456 3770 1712 3826 erlaubte
1748 3788 1882 3824 man
1919 3769 2039 3825 sich
2075 3770 2285 3826 bereits
2324 3769 2571 3826 Schritte

1456 3859 1553 3896 zur
1608 3841 2068 3911 Beweisffihrung
2085 3884 2098 3909 ,
2163 3842 2253 3896 die
2318 3860 2383 3896 zu
2438 3838 2575 3895 weit

1457 3915 1683 3982 gingen.

1535 3984 1628 4039 75.
1667 3991 1715 4039 2.
1754 3985 2056 4039 intolerans
2090 3983 2197 4038 mit
2233 3982 2359 4036 dem
2398 3982 2572 4037 Gene-

1458 4057 1558 4123 tiv,
1599 4056 1702 4110 wie
1743 4061 1790 4123 1,
1822 4060 1887 4109 31
1926 4054 2039 4108 und
2077 4055 2237 4121 efter,
2276 4054 2420 4108 doch
2458 4055 2574 4107 erst

1458 4128 1519 4181 in
1565 4128 1675 4182 den
1719 4097 2014 4206 grosseren
2040 4123 2311 4191 Werken3
2363 4122 2571 4178 ausser·

1461 4199 1590 4252 dem
1625 4214 1730 4252 nur
1767 4198 1857 4251 bei
1894 4166 2395 4250 Livius.Ebei1so
2440 4196 2571 4250 tole·

1458 4286 1595 4325 rems
1632 4285 1759 4322 ann.
1789 4274 1838 4335 4,
1872 4273 1919 4322 1.
