2867 4625
1014 115 1233 172 LIBER
1267 116 1311 173 Ι.
1386 115 1539 172 CAP.
1574 122 1799 172 15-17.
2497 115 2583 182 53

231 278 542 364 praebere
590 301 798 364 aures,
844 279 1120 365 denique
1156 281 1381 346 luxum
1420 283 1489 345 et
1526 279 1734 345 otium
1774 301 2026 365 cupere,
2072 278 2483 364 disciplinam
2521 284 2589 345 et

231 369 523 434 laborem
563 369 911 453 aspernari.
985 374 1127 435 erat
1160 369 1233 433 in
1270 369 1505 435 castris
1533 367 1924 434 Percennius
1963 368 2228 454 quidam
2266 369 2393 435 dux
2430 370 2589 434 olim

232 457 649 523 theatralium
697 479 1071 543 operarum,
1118 457 1267 523 dein
1311 459 1650 544 gregarius
1697 458 1915 542 miles,
1960 479 2203 543 procax
2248 459 2477 544 lingua
2524 461 2591 522 et
2636 474 2704 524 10

231 547 501 612 miscere
546 550 770 612 coetus
825 545 1205 612 histrionali
1265 547 1482 613 studio
1532 546 1776 613 doctus.
1868 547 1925 611 is
1972 548 2290 631 inperitos
2338 548 2591 613 animos

233 640 301 701 et
343 657 666 720 quaenam
712 639 865 720 post
907 633 1282 720 Augustum
1336 637 1618 702 militiae
1673 656 1789 702 con
1798 634 1965 702 dicio
2024 636 2436 721 ambigentes
2493 637 2593 701 in-

232 725 475 810 pellere
532 724 847 809 paulatim
899 725 1238 790 nocturnis
1294 725 1661 810 conloquiis
1717 727 1832 789 aut
1891 724 2061 790 flexo
2124 724 2196 790 in
2253 746 2593 811 vesperam

235 814 341 879 die
388 816 455 878 et
500 813 770 898 dilapsis
816 814 1195 880 melioribus
1243 814 1663 880 deterrimum
1708 834 2025 897 quemque
2073 834 2490 899 congregare.

416 900 760 968 Postremo
804 904 1129 987 promptis
1175 903 1310 968 iam
1357 906 1426 967 et
1471 903 1618 968 aliis
1665 901 2004 967 seditionis
2051 903 2371 969 ministris
2413 904 2593 969 velut
2617 905 2696 969 17

235 990 803 1057 contionabundus
849 992 1322 1078 interrogabat,
1367 1014 1483 1057 cur
1519 990 1742 1077 paucis
1782 991 2285 1076 centurionibus,
2332 992 2592 1077 paucio-

232 1081 416 1146 ribus
452 1080 737 1145 tribunis
773 1081 844 1145 in
880 1081 1143 1147 modum
1183 1102 1515 1147 servorum
1555 1079 1953 1147 oboedirent.
2027 1081 2285 1165 quando
2317 1103 2593 1146 ausuros

237 1190 584 1254 exposcere
629 1169 942 1254 remedia,
996 1169 1124 1234 nisi
1178 1191 1422 1235 novum
1470 1173 1537 1234 et
1580 1172 1927 1235 nutantem
1975 1168 2185 1235 adhuc
2229 1169 2594 1255 principem

235 1258 541 1343 precibus
579 1259 683 1323 vel
730 1258 929 1324 armis
966 1257 1267 1324 adirent?
1333 1257 1497 1324 satis
1532 1280 1650 1344 per
1683 1262 1789 1324 tot
1823 1279 2030 1323 annos
2067 1258 2333 1344 ignavia
2368 1280 2593 1343 pecca-
2631 1273 2665 1323 5

236 1353 400 1431 tum,
445 1348 618 1432 quod
661 1348 913 1413 tricena
958 1351 1073 1412 aut
1117 1347 1537 1433 quadragena
1583 1347 1910 1432 stipendia
1957 1368 2142 1413 senes
2190 1351 2257 1412 et
2302 1348 2595 1434 plerique

237 1440 543 1502 truncato
600 1459 680 1502 ex
735 1437 1110 1502 vulneribus
1167 1458 1439 1522 corpore
1484 1438 1780 1502 tolerent.
1872 1457 1954 1501 ne
2003 1437 2290 1503 dimissis
2337 1435 2595 1522 quidem

233 1527 432 1591 finem
478 1546 620 1590 esse
665 1526 960 1607 militiae,
1007 1525 1122 1590 sed
1167 1526 1339 1612 apud
1375 1526 1686 1591 vexillum
1722 1525 2063 1591 tendentes
2110 1526 2240 1593 alio
2276 1526 2594 1593 vocabulo

237 1615 503 1681 eosdem
541 1614 801 1680 labores
837 1614 1141 1700 perferre.
1213 1637 1288 1681 ac
1334 1616 1393 1680 si
1440 1615 1586 1700 quis
1631 1618 1734 1681 tot
1772 1635 1961 1680 casus
1998 1614 2136 1680 vita
2174 1615 2596 1700 superaverit,

233 1702 413 1768 trahi
443 1702 653 1768 adhuc
690 1703 978 1769 diversas
1015 1704 1085 1768 in
1119 1707 1351 1786 terras,
1384 1705 1502 1770 ubi
1537 1725 1657 1789 per
1689 1724 1929 1769 nomen
1967 1724 2272 1789 agrorum
2310 1703 2592 1788 uligines
2633 1719 2701 1768 10

237 1791 556 1877 paludum
614 1792 719 1857 vel
779 1794 1024 1859 inculta
1084 1794 1406 1859 montium
1469 1792 1806 1878 accipiant.
1899 1792 2229 1858 enimvero
2287 1792 2594 1859 militiam

233 1883 451 1966 ipsam
508 1901 800 1967 gravem,
854 1881 1353 1948 infructuosam:
1410 1881 1594 1947 denis
1651 1882 1722 1947 in
1761 1881 1948 1947 diem
2004 1881 2260 1947 assibus
2308 1882 2595 1947 animam

234 1974 303 2034 et
338 1992 576 2054 corpus
614 1971 966 2036 aestimari.
1028 1970 1182 2036 hinc
1216 1974 1465 2036 vestem
1504 1993 1688 2036 arma
1722 1970 2023 2055 tentoria,
2059 1970 2213 2037 hinc
2252 1971 2595 2037 saevitiam

235 2058 696 2125 centurionum
750 2063 817 2125 et
869 2060 1242 2125 vacationes
1298 2081 1637 2124 munerum
1691 2059 1941 2125 redimi.
2035 2063 2105 2125 at
2148 2059 2411 2125 hercule
2457 2081 2595 2125 ver-

235 2147 398 2213 bera
456 2150 524 2212 et
581 2148 876 2233 vulnera,
941 2148 1170 2213 duram
1227 2148 1537 2232 hiemem,
1600 2149 1916 2215 exercitas
1978 2152 2290 2233 aestates,
2350 2149 2594 2214 bellum
2635 2165 2700 2215 15

236 2241 428 2302 atrox
485 2240 599 2301 aut
654 2237 940 2303 sterilem
986 2255 1215 2323 pacem
1263 2238 1675 2324 sempiterna.
1764 2259 1883 2303 nec
1931 2237 2106 2303 aliud
2150 2238 2593 2304 levamentum

237 2348 438 2411 quam
487 2326 545 2392 si
589 2327 782 2393 certis
829 2327 947 2392 sub
994 2328 1250 2413 legibus
1296 2327 1536 2393 militia
1578 2327 1879 2413 iniretur,
1934 2330 2009 2392 ut
2057 2328 2353 2423 singulos
2402 2328 2595 2393 dena·

237 2416 379 2481 rios
427 2419 774 2501 mererent,
828 2420 1048 2481 sextus
1096 2416 1398 2482 decumus
1446 2416 1750 2501 stipendii
1798 2438 2005 2481 annus
2051 2416 2249 2481 finem
2296 2416 2596 2500 adferret,

317 2647 404 2698 10.
434 2642 541 2699 Die
568 2645 860 2700 theatrales
887 2661 1084 2714 operae
1109 2643 1368 2700 bildeten

234 2714 329 2769 die
370 2712 584 2784 Claque
629 2714 711 2769 im
747 2715 1018 2784 Theater,
1065 2716 1173 2771 wie
1216 2716 1367 2771 noch

228 2785 383 2856 jetzt
423 2786 488 2841 in
533 2786 764 2857 grossen
799 2787 1054 2842 stadten.
1129 2786 1365 2842 Percen-

237 2856 372 2910 nius
419 2858 583 2912 hatte
629 2856 752 2912 sich
786 2858 872 2912 als
910 2857 1002 2912 ihr
1035 2857 1250 2912 Ffihrer
1285 2857 1366 2911 im

241 2927 778 2998 Wt‘ihlergeschafte
814 2929 1007 3000 geflbt.

309 3022 382 3071 12
433 3023 487 3072 et
798 3060 811 3074 .
886 3004 1041 3073 'Uber
1087 3016 1188 3072 das
1236 3033 1364 3072 aus-

240 3090 541 3159 gelassene
576 3091 716 3155 foret
751 3104 794 3145 s.
824 3088 971 3144 Einl.
1001 3093 1048 3155 5.
1078 3094 1166 3143 20.

245 3183 347 3302 ffirl
353 3182 490 3329 f3i12³t
525 3194 687 3303 Ta?
697 3177 1365 3304 εἷὲἶρῗὲῗιιὲῗῖὴέἷὲἔῖ

248 3318 431 3390 logie:
493 3320 815 3389 propinqua
867 3336 1118 3388 vespera,
1179 3320 1365 3375 inum-

244 3391 444 3446 brante
499 3406 747 3460 vespera,
808 3397 1204 3461 vesperascente
1258 3392 1368 3460 die,

240 3467 482 3517 extremo
517 3462 609 3517 die
643 3480 695 3516 u.
727 3461 843 3533 dgl.
870 3480 947 3516 m.

312 3550 414 3606 17.
485 3556 530 3604 1.
597 3551 714 3606 iam
766 3556 819 3606 et
870 3551 1000 3621 sagt
1045 3551 1176 3606 Tac.
1224 3551 1367 3607 stets

238 3623 404 3749 ἕίῗὲ
406 3734 421 3748 .
436 3621 537 3675 des
586 3622 841 3676 schlecht
873 3621 1219 3691 klingenden
1253 3624 1370 3678 iam

312 3788 363 3839 ’1.
420 3798 518 3849 ex,
568 3781 676 3837 wie
728 3798 815 3852 cp.
855 3786 925 3836 35
973 3782 1252 3838 cicatrices
1300 3799 1369 3838 ex

237 3853 580 3909 vulneribus.
629 3884 702 3894 —
752 3860 1012 3909 trumcare
1065 3852 1143 3908 ist
1195 3853 1366 3908 nach-

238 3924 533 3980 klassisch.

312 4020 364 4069 8.
383 4014 502 4070 alio
519 4013 801 4080 vocabulo,
821 4011 1070 4068 namlich
1082 4013 1368 4069 vexillarii

245 4087 380 4141 oder
430 4085 641 4142 vexilla
691 4089 1099 4153 veteranorum,
1153 4084 1368 4140 welche

242 4157 334 4210 ffir
382 4157 509 4212 sich
554 4155 889 4223 bestanden,
933 4155 1096 4211 nicht
1138 4174 1206 4211 zu
1242 4171 1369 4212 ver-

249 4226 534 4283 wechseln
597 4227 706 4281 mit
770 4224 881 4281 den
934 4226 1368 4282 Detachements

247 4298 343 4353 der
378 4297 623 4370 fibrigen
650 4296 932 4369 Truppen,
971 4297 1063 4352 die
1093 4297 1368 4354 ebenfalls

1473 2645 1678 2700 vexilla
1692 2643 1912 2698 hiessen
1929 2643 2046 2698 und
2065 2662 2132 2698 zu
2147 2643 2386 2698 vort'iber
2427 2641 2594 2698 ehen-

1476 2716 1584 2770 den
1621 2714 1893 2770 Zwecken
1932 2713 2230 2771 entsendet
2267 2730 2386 2769 wur
2426 2731 2513 2771 en.

1550 2793 1632 2842 10.
1680 2787 1923 2842 diversas
1958 2786 2349 2856 „entlegene“‚
2395 2785 2503 2841 wie
2540 2791 2594 2853 4,

1473 2863 1544 2913 46
1587 2858 1708 2925 fore
1749 2864 1816 2914 ut
1859 2858 2104 2913 diversas
2147 2860 2212 2912 in
2256 2863 2431 2913 terras
2476 2863 2593 2912 tra·

1472 2929 1747 2995 hev-entur,
1784 2929 1900 2983 und
1938 2945 1999 2984 so
2036 2927 2198 2983 oster.
2236 2958 2308 2969 —
2355 2929 2596 2999 uliyines

1469 3001 1768 3069 paladwm,
1816 3000 1906 3054 ein
1945 2999 2251 3056 Genetivus
2284 3000 2596 3070 appositio—

1471 3071 1634 3131 nalis.
1671 3071 1805 3126 hist.
1836 3076 1886 3140 3,
1925 3076 1994 3126 27
2023 3072 2279 3141 pondera
2315 3086 2593 3127 saxorum.

1473 3172 1540 3183 --
1586 3129 1737 3268 Ubler
1780 3143 1997 3198 inculta
2041 3143 2309 3198 montium
2357 3161 2399 3196 s.
2446 3141 2592 3196 Einl.

1473 3218 1523 3281 g.
1550 3218 1638 3283 40,
1708 3254 1721 3269 .

1549 3290 1630 3340 14.
1670 3285 1871 3340 redimi
1896 3284 1950 3337 d.
1974 3284 2030 3337 h.
2063 3283 2144 3339 sie
2172 3283 2445 3340 erkaufen
2471 3282 2594 3337 sich

1475 3354 1788 3426 gleichsam
1855 3354 1949 3409 die
2005 3356 2170 3411 barte
2224 3354 2595 3423 Behandlung

1478 3427 1579 3481 der
1607 3425 1999 3495 Centurionen,
2037 3425 2251 3481 welche
2288 3423 2462 3479 ihnen
2489 3424 2593 3478 das

1479 3496 1622 3553 Geld
1668 3498 1994 3567 abpressen3
2044 3497 2197 3551 daun
2233 3497 2352 3551 erst
2385 3494 2595 3566 erfolgt

1476 3567 1570 3624 die
1605 3570 1840 3624 vacatio.

1549 3660 1634 3711 1⁷.
1684 3657 1786 3710 sub
1840 3656 2072 3726 legibus,
2123 3655 2231 3711 wie
2278 3656 2430 3711 Suet.
2471 3654 2593 3712 Oct.

1476 3733 1544 3782 21
1583 3727 1685 3782 sub
1723 3728 1832 3797 leye
1866 3743 1936 3782 ne
1970 3732 2059 3783 ctt.
2134 3727 2257 3782 Liv.
2297 3735 2348 3795 6,
2387 3733 2457 3783 40
2492 3728 2594 3783 sub

1476 3799 1808 3856 condicione.
1884 3804 1970 3868 21,
2015 3804 2080 3854 12
2116 3799 2218 3854 sub
2256 3800 2594 3856 condicioni-

1476 3871 1577 3926 bus
1611 3871 1713 3925 his.
1764 3900 1830 3910 —
1880 3871 2154 3927 denarios.
2230 3870 2343 3927 Der
2387 3870 2591 3937 Denar,

1475 3941 1573 3996 der
1625 3940 1817 3996 frfiher
1865 3941 2007 3997 zehn
2056 3941 2307 3996 schwere
2356 3940 2593 4010 Kupfer·

1475 4028 1600 4067 asse
1655 4012 1798 4066 wert
1847 4027 1986 4082 war,
2047 4012 2172 4083 galt
2221 4011 2331 4066 seit
2381 4017 2485 4066 217
2539 4029 2591 4066 v.

1477 4080 1604 4138 Chr.
1660 4089 1726 4138 16
1777 4082 1984 4139 leichte
2036 4086 2173 4138 Asse
2224 4083 2361 4138 oder
2410 4087 2443 4136 3
2498 4080 2594 4136 Se-

1478 4157 1711 4209 sterzen.
1748 4152 1892 4209 Plin.
1908 4159 1995 4221 33,
2013 4159 2059 4219 §-
2074 4159 2147 4209 46
2159 4159 2353 4221 postea
2363 4153 2594 4208 Harmi-

1478 4226 1598 4281 bale
1659 4231 1910 4293 arqente,
1977 4224 2037 4294 ρ.
2078 4224 2265 4279 Fabio
2330 4224 2591 4278 Maximo

1478 4296 1775 4362 dictatore,
1813 4310 1956 4349 asses
1992 4294 2237 4350 unciales
2272 4293 2429 4361 facti,
2459 4294 2588 4362 pla-
