2867 4625
1033 134 1254 190 LIBER
1288 136 1331 191 Ι.
1406 134 1559 192 CAP.
1591 141 1820 193 ee-es.
2519 136 2607 202 85

249 295 541 362 hostium
599 316 962 383 superesse3
1029 301 1098 363 at
1151 298 1510 365 victoribus
1565 298 1760 364 decus
1817 298 2115 385 gloriam.
2209 320 2374 385 quae
2434 300 2611 365 domi

248 406 421 471 cara,
479 406 643 470 quae
688 386 756 451 in
813 387 1045 452 castris
1093 386 1398 473 honesta,
1454 391 1794 473 memorat3
1852 387 2115 453 reticuit
2168 387 2247 453 de
2303 387 2610 455 adversis.

253 495 456 560 equos
511 474 772 560 dehinc,
836 497 1025 542 orsus
1081 498 1122 541 a
1176 478 1342 558 suis,
1400 478 1769 561 legatorum
1827 476 2369 563 tribunorumque
2426 478 2610 543 nulla

251 564 610 630 ambitione
656 564 1015 630 fortissimo
1062 565 1295 650 cuique
1340 565 1651 631 bellatori
1695 565 1913 652 tradit,
1958 568 2033 631 ut
2076 565 2168 652 hi,
2211 588 2363 633 mox
2409 567 2607 651 pedes
2651 582 2717 633 10

248 652 321 717 in
368 653 630 719 hostem
675 653 1079 721 invaderent.

433 741 626 807 Haud
682 742 895 808 minus
949 742 1206 828 inquies
1254 740 1616 809 Germanus
1674 765 1817 828 spe,
1876 743 2175 828 cupidine
2221 747 2289 809 et
2334 745 2609 811 diversis
2631 747 2717 812 68

250 831 491 896 ducum
537 832 879 896 sententiis
929 832 1196 917 agebat,
1240 830 1541 898 Arminio
1590 832 1878 897 sinerent
1924 832 2147 918 egredi
2191 855 2611 920 egressosque

249 940 516 985 rursum
561 942 680 1004 per
723 920 944 986 umida
989 925 1057 986 et
1102 920 1396 1006 inpedita
1441 921 1986 986 circumvenirent
2030 922 2369 1005 suadente,
2428 926 2602 989 atro-

250 1008 436 1074 ciora
472 1007 887 1094 Inguiomero
935 1014 1002 1075 et
1043 1011 1222 1075 laeta
1266 1008 1585 1095 barbaris,
1629 1014 1705 1075 ut
1739 1010 1982 1075 vallum
2021 1011 2219 1076 armis
2257 1011 2612 1076 ambirent:

251 1101 630 1183 promptam
676 1098 1249 1183 expugnationem,
1293 1099 1517 1184 plures
1564 1099 1888 1184 captivoS,
1932 1100 2380 1183 incorruptam
2423 1122 2602 1184 prae·
2644 1116 2677 1166 ὅ

254 1187 408 1252 dam
474 1187 631 1253 fore.
722 1187 926 1272 igitur
988 1191 1134 1253 orta
1193 1187 1297 1252 die
1356 1194 1679 1272 proruunt
1736 1187 1976 1268 fossas,
2038 1188 2320 1253 iniciunt
2376 1192 2606 1274 crates,

253 1296 513 1341 summa
564 1276 722 1341 valli
776 1280 1110 1360 prensant,
1168 1297 1319 1341 raro
1375 1298 1571 1360 super
1629 1276 1837 1342 milite
1884 1281 1951 1343 et
1997 1276 2187 1361 quasi
2234 1279 2317 1342 ob
2363 1280 2613 1342 metum

255 1364 489 1431 defixo.
553 1368 901 1449 postquam
939 1365 1206 1431 haesere
1243 1365 1683 1450 munimentis,
1720 1364 1914 1430 datur
1941 1364 2321 1432 cohortibus
2351 1367 2615 1451 signum

255 1475 623 1539 cornuaque
670 1474 745 1518 ac
789 1454 987 1519 tubae
1034 1454 1433 1520 concinuere.
1507 1455 1655 1519 exin
1701 1455 1983 1519 clamore
2025 1457 2092 1519 et
2125 1454 2376 1539 impetu
2409 1454 2613 1540 tergis

254 1542 730 1608 Germanorum
793 1543 1429 1622 circumfunduntur,
1500 1544 1973 1629 exprobrantes
2036 1564 2169 1609 non
2230 1543 2339 1608 hic
2403 1543 2601 1608 silvas
2645 1560 2712 1610 10

253 1652 376 1696 nec
435 1631 733 1715 paludes,
793 1631 904 1696 sed
963 1632 1189 1716 aequis
1243 1632 1406 1697 locis
1461 1652 1704 1717 aequos
1763 1632 1935 1698 deos.
2025 1632 2205 1697 hosti
2263 1632 2453 1699 facile
2508 1655 2612 1697 ex·

255 1720 500 1786 cidium
535 1724 602 1786 et
634 1742 877 1803 paucos
916 1741 992 1785 ac
1029 1742 1380 1786 semermos
1418 1720 1738 1806 cogitanti
1774 1742 1972 1786 sonus
2008 1722 2345 1806 tubarum,
2381 1721 2601 1805 fulgor

256 1831 622 1894 armorum,
681 1813 925 1893 quanto
982 1809 1282 1894 inopina,
1342 1813 1530 1875 tanto
1595 1810 1845 1875 maiora
1904 1809 2357 1894 offunduntur,
2421 1810 2605 1875 cade-

255 1900 570 1983 bantque,
605 1900 680 1961 ut
706 1898 900 1963 rebus
928 1898 1227 1963 secundis
1258 1898 1451 1982 avidi,
1486 1898 1582 1964 ita
1611 1897 1901 1963 adversis
1937 1898 2201 1963 incauti.
2272 1898 2604 1963 Arminius

255 1988 547 2073 integer,
614 1986 1071 2073 Inguiomerus
1131 1990 1283 2071 post
1340 2008 1541 2072 grave
1599 1987 1834 2053 vulnus
1893 2008 2182 2072 pugnam
2247 1987 2610 2071 deseruere3
2656 2002 2720 2051 15

255 2077 495 2161 vulgus
555 2077 947 2141 trucidatum
1008 2078 1134 2160 est,
1199 2075 1403 2141 donec
1472 2075 1574 2141 ira
1633 2079 1701 2141 et
1760 2076 1897 2141 dies
1956 2076 2335 2160 permansit.
2425 2079 2615 2141 nocte

258 2165 521 2230 demum
557 2186 852 2230 reversae
887 2164 1200 2249 legiones,
1245 2164 1546 2251 quamvis
1586 2165 1733 2250 plus
1770 2164 2139 2248 vulnerum,
2180 2164 2407 2229 eadem
2445 2164 2616 2230 eibo-

253 2276 407 2320 rum
445 2257 701 2340 egestas
737 2254 1070 2341 fatigaret,
1117 2253 1249 2320 vim
1287 2253 1642 2320 sanitatem
1680 2253 1922 2340 copiae,
1968 2257 2201 2321 cuncta
2235 2253 2304 2319 in
2341 2252 2617 2320 victoria

253 2344 566 2409 habuere.

440 2431 827 2498 Pervaserat
880 2431 1145 2499 interim
1201 2430 1622 2497 circumventi
1674 2431 1990 2497 exercitus
2038 2431 2216 2496 fama
2261 2434 2328 2497 et
2368 2430 2612 2496 infesto
2634 2431 2719 2496 69

256 2522 736 2588 Germanorum
783 2520 1042 2607 agmine
1090 2518 1343 2586 Gallias
1390 2520 1554 2605 peti,
1609 2540 1684 2585 ac
1728 2520 1800 2584 ni
1848 2519 2213 2605 Agrippina
2258 2519 2614 2603 inpositum

254 2610 494 2676 Rheno
551 2613 818 2694 pontem
875 2609 1041 2675 solvi
1085 2608 1559 2694 prohibuisset,
1616 2612 1803 2672 erant
1848 2608 1960 2693 qui
2004 2607 2073 2673 id
2118 2607 2439 2693 flagitium
2483 2606 2612 2673 for-

256 2698 503 2765 midine
559 2699 887 2763 auderent.
978 2698 1092 2763 sed
1145 2696 1392 2763 femina
1445 2697 1676 2782 ingens
1734 2697 1935 2761 animi
1989 2696 2210 2760 munia
2264 2696 2442 2761 ducis
2502 2716 2619 2779 per

335 2917 384 2966 9.
424 2895 575 2966 Uber
609 2908 807 2964 dehine
840 2925 883 2963 s.
911 2923 982 2962 zu
1018 2923 1106 2977 op.
1137 2912 1224 2962 34.

338 2996 422 3047 10.
488 2990 720 3045 bellator
773 2987 949 3043 sehon
1001 2985 1098 3041 bei
1150 2986 1389 3042 Plautus

254 3062 377 3118 und
415 3058 625 3116 Cicero.

333 3140 433 3197 88.
482 3145 531 3197 1.
576 3126 733 3194 Uber
777 3143 829 3194 et
863 3137 949 3193 als
988 3136 1190 3192 drittes
1230 3137 1386 3192 Satz-

258 3212 420 3284 glied
456 3228 498 3266 s.
530 3210 676 3265 Einl.
706 3215 754 3275 §-
782 3214 870 3263 61.

334 3289 385 3338 4.
432 3283 642 3339 ambire
684 3281 771 3336 als
817 3277 1215 3334 militarischer
1252 3279 1386 3334 Ter·

259 3364 450 3418 minus
487 3362 633 3416 statt
667 3361 1026 3427 circumdare,
1063 3360 1277 3430 cinyere
1309 3358 1389 3412 ist

254 3434 533 3490 silbernes
568 3431 786 3487 Latein.

330 3521 378 3570 6.
412 3518 700 3583 proruunt
713 3513 908 3581 fossas,
930 3509 1052 3564 eine
1071 3510 1386 3578 pragnante

255 3582 675 3641 Konstruktion
703 3585 847 3639 statt
870 3581 1081 3637 vallum
1107 3581 1171 3634 in
1205 3580 1387 3648 fossas

247 3661 555 3727 proruunt,
584 3654 690 3709 πίε
717 3654 866 3709 noch
894 3650 1015 3706 Liv.
1046 3657 1098 3717 9,
1131 3655 1198 3704 14
1227 3652 1382 3720 sagt:

255 3729 514 3784 vellerent
574 3726 783 3781 vallum
845 3729 1007 3795 atque
1066 3724 1133 3776 in
1206 3722 1387 3789 fossas

249 3802 601 3869 proruerent.

243 3898 261 3910 ·
313 3885 380 3934 .7.
430 3894 698 3948 prensare
741 3875 817 3930 ist
852 3874 913 3929 in
950 3872 1137 3927 dieser
1170 3870 1387 3928 Beden-

255 3952 401 4020 tung
439 3946 810 4013 dichterisch,
848 3944 956 4000 πίε
982 3942 1139 4011 Virg.
1169 3940 1306 3999 Aen.
1335 3949 1387 3998 2.

255 4025 363 4076 444
391 4024 669 4090 prensant
702 4018 937 4088 fastiyia
973 4014 1197 4071 dextris.

326 4104 378 4156 8.
398 4101 693 4155 haesere=
704 4098 960 4167 occupati
976 4098 1152 4162 erant,
1171 4092 1388 4162 cigent-

254 4170 369 4227 lich
419 4171 503 4227 sie
550 4169 789 4239 bingen,
840 4167 1027 4223 sassen
1073 4163 1200 4218 fest.
1275 4162 1390 4218 Der

255 4241 428 4297 Dativ
464 4241 819 4296 munimentis
853 4237 962 4295 wie
990 4243 1042 4307 2,
1074 4240 1141 4289 14
1171 4236 1390 4305 corpori

255 4314 373 4367 und
412 4312 589 4368 sehon
623 4311 719 4366 bei
757 4308 966 4366 CicerO.

1569 2911 1618 2961 9.
1667 2890 1820 2961 Uber
1864 2906 1973 2961 den
2008 2905 2243 2961 Ablativ
2288 2905 2348 2960 in
2385 2907 2619 2961 czamore

1495 2983 1547 3034 et
1580 2978 1789 3047 impetu
1824 2995 1867 3032 s.
1896 2996 1964 3032 zu
2002 2995 2086 3047 cp.
2119 2983 2204 3033 59.

1571 3064 1654 3113 11.
1719 3058 1996 3114 excidium
2052 3061 2169 3112 erst
2223 3056 2333 3111 seit
2388 3056 2616 3121 Sallust,

1497 3126 1681 3199 virgil
1716 3128 1833 3183 und
1868 3127 2062 3183 Livius
2099 3127 2517 3197 gebrauchlich.

1571 3215 1653 3263 12.
1680 3224 1969 3263 semer-mue
1992 3208 2087 3262 bei
2099 3207 2230 3262 Tac.
2246 3207 2449 3261 immer
2471 3206 2618 3261 nach

1494 3279 1595 3335 der
1622 3277 1858 3363 zweiten
1886 3277 2268 3347 Deklination,
2305 3278 2400 3333 bei
2425 3277 2618 3333 Livius

1491 3366 1854 3477 oeqglml‘flsber
1896 3421 1998 3475 das
2043 3419 2305 3502 fehlende
2347 3419 2522 3488 maqis
2556 3416 2618 3473 in

1493 3497 1701 3563 quanto
1735 3493 1969 3562 inopina
2005 3509 2048 3547 s.
2077 3489 2223 3546 Eml.
2253 3495 2300 3557 ς.
2331 3495 2418 3558 97,
2446 3490 2499 3546 b.

1570 3579 1652 3629 17.
1680 3573 1929 3643 quamvis
1956 3573 2101 3626 statt
2126 3586 2457 3640 quamquam
2483 3569 2620 3625 oder

1493 3645 1620 3712 etsi,
1672 3642 1766 3698 ein
1814 3641 2024 3697 blosses
2074 3642 2319 3696 Faktum
2367 3640 2619 3697 bezeich-

1495 3715 1669 3782 nend‚
1718 3712 1802 3770 oft
1836 3713 1930 3770 bei
1966 3712 2211 3780 Tacitus,
2251 3710 2464 3768 Sueten
2499 3710 2618 3766 und

1495 3784 1785 3855 Spateren.

1572 3871 1655 3920 18.
1712 3864 1868 3919 Statt
1916 3868 2121 3933 eyestas
2171 3863 2437 3918 erwartet
2487 3879 2619 3917 man

1496 3937 1711 4019 inopia,
1748 3935 1895 4018 doch
1922 3935 2100 3990 findet
2126 3933 2247 3988 sich
2274 3934 2451 3988 sehon
2480 3933 2619 4016 ‘ahu-—

1496 4007 1675 4061 hches
1706 4008 1799 4063 bei
1819 4005 2049 4061 Sallust.
2090 4012 2138 4072 6,
2160 4010 2228 4059 23
2249 4008 2475 4073 eyestate
2492 4003 2618 4059 cuba.

1567 4086 1663 4142 69.
1721 4092 1770 4143 3.
1816 4086 2109 4155 prohibere
2162 4083 2270 4137 mit
2320 4080 2519 4137 Aecus.
2571 4099 2617 4138 c.

1494 4156 1666 4223 infin„
1703 4158 1809 4212 πίε
1838 4163 1888 4225 4,
1919 4161 2004 4210 37.
2034 4155 2165 4210 hist.
2201 4160 2248 4222 1,
2280 4158 2347 4208 62
2385 4152 2498 4207 und
2525 4152 2622 4208 bei

1495 4226 1839 4283 Klassikern.
1895 4225 2039 4279 Einl.
2069 4231 2116 4292 ξ.
2145 4229 2231 4280 80.

1568 4312 1619 4361 4.
1683 4308 1876 4376 ingens
1938 4304 2140 4371 animi,
2205 4301 2351 4358 nach
2407 4300 2623 4357 Sallust
