2867 4625
1015 92 1240 147 LIBER
1264 90 1334 147 ΙΙ.
1399 91 1556 147 ΟΑΡ.
1586 97 1816 148 54—56.

2462 89 2595 158 129

225 276 381 320 esse
448 253 854 320 Mithridatis
929 254 1237 320 adversus
1311 251 1591 336 Sullam,
1655 254 1931 320 Antonii
1996 254 2303 320 adversus
2368 255 2588 321 divum

234 344 611 429 Augustum
659 343 889 410 socios.
971 344 1170 409 etiam
1205 347 1427 409 vetera
1464 344 1852 427 obiectabat‚
1900 365 2064 428 quae
2100 344 2170 407 in
2206 343 2590 410 Macedones

229 432 644 517 inprospere,
690 433 1010 498 violenter
1066 433 1136 498 in
1182 454 1335 498 suos
1389 432 1728 517 fecissent,
1786 434 2069 498 offensus
2123 434 2271 498 urbi
2325 435 2593 519 propria

224 541 489 605 quoque
533 520 649 604 ira,
686 523 842 606 quia
877 520 1309 606 Theophilum
1346 520 1671 608 quendam
1709 521 1882 587 Areo
1929 521 2168 587 iudicio
2215 522 2366 588 falsi
2412 522 2593 589 dam·

229 612 462 673 natum
509 610 807 693 precibus
847 610 981 675 suis
1029 633 1160 676 non
1207 609 1653 676 concederent.
1737 610 1887 675 exin
1931 611 2349 696 navigatione
2394 612 2592 678 celeri
2634 626 2701 677 10

227 719 351 782 per
390 696 706 784 Cycladas
745 705 810 763 et
847 699 1232 784 compendia
1269 701 1470 765 maris
1511 698 1888 786 adsequitur
1925 698 2380 766 Germanicum
2418 701 2591 787 apud

229 788 520 853 insulam
555 787 878 873 Rhodum,
922 788 1096 854 haud
1144 789 1437 855 nescium
1476 789 1713 873 quibus
1757 788 2299 854 insectationibus
2346 791 2592 875 petitus

229 876 434 941 foret:
483 876 597 941 sed
641 879 829 942 tanta
874 878 1367 944 mansuetudine
1414 878 1670 963 agebat,
1715 881 1804 956 ut,
1850 898 1997 943 cum
2046 881 2192 944 orta
2235 883 2593 964 tempestas

230 969 496 1049 raperet
532 966 601 1029 in
638 967 920 1051 abrupta
953 971 1305 1052 possetque
1340 966 1648 1032 interitus
1683 965 1933 1032 inimici
1977 966 2058 1030 ad
2096 988 2318 1032 casum
2347 967 2591 1051 referri,

233 1055 488 1119 miserit
523 1053 810 1119 triremis
849 1077 1124 1141 quarum
1162 1055 1456 1121 subsidio
1495 1056 1855 1149 discrimini
1894 1055 2298 1121 eximeretur.
2380 1076 2589 1142 neque
2634 1070 2698 1120 15

228 1146 450 1207 tamen
516 1143 854 1228 mitigatus
901 1143 1083 1228 Piso,
1148 1149 1215 1210 et
1270 1145 1379 1209 vix
1436 1144 1567 1209 diei
1630 1167 1883 1210 moram
1945 1166 2290 1230 perpessus
2354 1144 2595 1230 linquit

231 1230 697 1298 Germanicum
752 1234 1231 1319 praevenitque.
1330 1236 1397 1298 et
1449 1238 1800 1319 postquam
1847 1232 2104 1299 Suriam
2164 1255 2239 1299 ac
2294 1234 2590 1320 legiones

232 1320 486 1405 attigit,
533 1321 896 1407 largitione,
943 1322 1212 1406 ambitu,
1255 1322 1514 1388 infimos
1561 1323 2066 1408 manipularium
2101 1322 2402 1407 iuvand0‚
2441 1344 2588 1388 cum

226 1412 483 1474 veteres
532 1410 959 1496 centuriones,
1006 1432 1263 1477 severos
1310 1411 1611 1476 tribunos
1648 1412 2017 1482 demoveret
2051 1412 2322 1497 locaque
2360 1432 2584 1476 eorum

225 1498 582 1563 clientibus
648 1500 782 1565 suis
827 1500 931 1565 vel
989 1500 1333 1566 deterrimo
1380 1500 1612 1585 cuique
1677 1500 2092 1586 attribueret,
2152 1499 2467 1567 desidiam
2514 1500 2584 1565 in
2622 1515 2692 1564 20

225 1588 484 1669 castris,
529 1589 861 1654 licentiam
906 1588 976 1653 in
1022 1590 1312 1674 urbibus,
1358 1609 1602 1674 vagum
1640 1611 1715 1654 ac
1751 1590 2202 1655 lascivientem
2237 1612 2355 1674 per
2390 1610 2585 1675 agros

228 1676 512 1742 militem
541 1677 797 1759 sineret,
834 1699 910 1743 eo
949 1699 1153 1763 usque
1182 1679 1620 1763 corruptionis
1657 1682 2002 1763 provectus
2032 1682 2151 1759 est,
2189 1683 2265 1743 ut
2291 1700 2587 1744 sermone

229 1766 416 1850 vulgi
453 1787 688 1850 parens
725 1764 1059 1852 legionum
1103 1767 1473 1833 haberetur.
1518 1789 1636 1833 nec
1674 1767 1988 1833 Plancina
2025 1789 2096 1832 se
2139 1768 2318 1833 intra
2355 1767 2589 1834 decora

224 1854 493 1919 feminis
538 1856 830 1938 tenebat,
887 1856 999 1921 sed
1054 1857 1360 1922 exercitio
1419 1856 1741 1940 equitum,
1797 1856 2172 1922 decursibus
2219 1856 2591 1922 cohortium

227 1943 578 2027 interesse,
634 1945 704 2008 in
751 1945 1217 2030 Agrippinam,
1271 1946 1339 2010 in
1387 1943 1844 2011 Germanicum
1892 1945 2316 2011 contumelias
2362 1945 2592 2028 iacere,
2629 1958 2700 2008 25

228 2032 623 2117 quibusdam
661 2033 860 2098 etiam
895 2033 1217 2099 bonorum
1254 2034 1535 2100 militum
1575 2035 1657 2100 ad
1695 2035 1873 2099 mala
1900 2035 2217 2119 obsequia
2252 2035 2595 2120 promptis,

229 2121 409 2205 quod
455 2120 628 2186 haud
673 2121 877 2187 invito
915 2122 1306 2207 imperatore
1344 2145 1422 2189 ea
1471 2123 1608 2188 fieri
1647 2124 1937 2190 occultus
1976 2145 2201 2189 rumor
2233 2123 2594 2189 incedebat.

229 2213 392 2275 nota
461 2209 620 2276 haec
668 2208 1082 2292 GermanicO,
1143 2212 1255 2277 sed
1317 2213 1647 2299 praeverti
1703 2213 1785 2278 ad
1832 2213 2177 2278 Armenios
2240 2212 2595 2278 instantior

234 2322 397 2365 cura
443 2299 588 2365 fuit.

408 2388 746 2473 Ambigua
807 2411 966 2475 gens
1033 2412 1110 2456 ea
1175 2391 1536 2476 antiquitus
1600 2391 1940 2458 hominum
2001 2390 2282 2477 ingeniis
2330 2394 2396 2456 et
2455 2391 2586 2456 situ
2611 2388 2704 2455 56

227 2480 581 2561 terrarum,
647 2481 954 2563 quoniam
1017 2480 1259 2545 nostris
1313 2480 1665 2565 provinciis
1729 2482 1862 2545 late
1922 2483 2263 2565 praetenta
2324 2479 2585 2564 penitus

233 2566 318 2630 ad
354 2565 580 2631 Medos
617 2567 1002 2653 porrigitur3
1043 2569 1470 2655 maximisque
1516 2570 1806 2653 imperiis
1854 2569 2179 2634 interiecti
2226 2572 2291 2633 et
2328 2569 2585 2652 saepius

230 2654 563 2721 discordes
611 2660 791 2740 sunt,
837 2657 1143 2723 adversus
1180 2658 1512 2724 Romanos
1551 2658 1699 2724 odio
1741 2661 1807 2722 et
1851 2658 1920 2722 in
1967 2657 2281 2722 Parthum
2327 2656 2587 2722 invidia.

301 2854 352 2903 9.
428 2848 638 2904 Areum
680 2850 952 2905 iudicium
995 2850 1072 2905 ist
1117 2845 1217 2905 ἅπ.
1258 2848 1359 2920 εἰς».

229 2921 377 2975 statt
396 2920 725 2990 Areopayws
742 2920 878 2975 oder
895 2919 1172 2976 vielmehr
1180 2920 1362 2977 Areus

220 3006 439 3060 payns,
475 2991 736 3047 letzteres
769 2992 919 3047 nach
955 2992 1083 3048 dem
1120 2993 1361 3061 griechi-

228 3062 403 3117 schen
430 3056 639 3131 ’Ἄρειος
672 3057 869 3133 πάγος.

306 3139 391 3187 12.
467 3134 755 3188 insectatio
804 3133 883 3188 ist
918 3133 1358 3203 nachklassisch,

229 3207 351 3259 erst
385 3202 499 3258 seit
538 3203 728 3260 Livius
764 3205 1182 3275 gebrauchlich.

1471 2850 1761 2905 barzanem
1833 2849 2251 2919 opprimendum
2313 2850 2595 2919 praeverti

1469 2922 1735 2986 optimum
1769 2926 1944 2976 ratae.
1997 2919 2229 2986 Quintil.
2264 2925 2347 2990 12,
2376 2926 2428 2988 2,
2457 2926 2492 2975 4
2519 2921 2597 2977 ad

1469 2993 1613 3047 illud
1646 3007 1870 3062 sequens
1895 2997 2239 3061 praevertam.

1542 3087 1627 3136 29.
1701 3097 1841 3136 cura
1885 3084 1962 3135 est
2006 3079 2112 3133 mit
2159 3078 2285 3133 dem
2332 3078 2596 3148 Infinitiv,

1473 3152 1648 3207 schon
1686 3160 1717 3205 5
1754 3150 1873 3205 Mal
1909 3151 2001 3206 bei
2037 3149 2236 3218 Virgil,
2277 3150 2421 3205 auch
2450 3149 2592 3204 Plin.

1472 3239 1559 3292 ep.
1600 3229 1650 3292 7,
1690 3229 1758 3277 10
1793 3223 1900 3278 erit
1934 3221 2073 3276 mffli
2108 3237 2273 3277 curae
2308 3222 2596 3290 explorare

306 3281 391 3331 1⁶·
468 3276 690 3344 linquit,
726 3276 834 3329 Wifl
872 3283 923 3342 3,
961 3282 1031 3332 4⁶
1067 3277 1232 3346 4²⁴⁰&
1264 3293 1357 3332 ΒΦ·
1456 3296 1783 3363 provinciae
1799 3294 2147 3350 voluntatem.
2203 3292 2424 3347 Ebenso
2454 3291 2593 3347 kon-

229 3348 444 3401 am'mes
499 3347 892 3415 linquebantm·
904 3367 925 3412 ‚·
983 3349 1101 3401 erst
1142 3348 1204 3402 in
1250 3348 1360 3402 den

228 3416 524 3473 Historien
552 3417 666 3471 und
695 3416 974 3486 Annalem
1010 3418 1360 3488 keineswegs

227 3487 607 3555 nnklassisch‚
627 3489 866 3543 sondern
893 3489 1067 3544 echon
1087 3491 1361 3545 zerstreut

230 3559 325 3615 bei
362 3557 564 3615 Cicero
599 3560 1022 3616 votkommend.

302 3635 391 3688 22.
467 3620 622 3685 Uber
655 3647 716 3686 eo
749 3647 920 3701 usque
954 3631 1063 3687 mit
1097 3631 1225 3686 dem
1254 3631 1359 3688 Ge-

232 3702 387 3758 netiv
428 3718 471 3756 s.
509 3701 654 3756 Einl.
693 3707 739 3768 §-
779 3708 864 3758 41.

303 3778 392 3828 24.
481 3774 801 3829 exercitium
844 3773 922 3829 ist
967 3772 1059 3829 ein
1102 3773 1361 3829 militari-

233 3844 396 3899 scher
414 3843 727 3910 Terminus,
746 3843 894 3899 fehlt
920 3844 1058 3900 aber
1083 3844 1179 3900 bei
1200 3844 1360 3901 Klas-

230 3914 423 3970 sikern
458 3915 577 3969 und
611 3913 818 3970 Livius.

296 3991 383 4044 26.
470 3987 586 4040 Der
643 3984 832 4041 Plural
895 3988 1154 4057 obsequia
1215 3987 1361 4043 auch

231 4064 280 4126 1,
316 4063 406 4115 40.

301 4136 388 4184 28.
420 4128 707 4200 praeverti
737 4154 806 4175 ==
843 4128 1103 4199 transire,
1140 4129 1360 4186 omissis

231 4200 376 4257 aliis.
444 4199 574 4270 Vgl.
612 4199 745 4256 Hor.
787 4200 892 4256 sat.
934 4205 990 4270 1,
1030 4207 1092 4269 3,
1124 4205 1191 4256 38
1226 4203 1363 4257 illue

224 4276 662 4341 praeemamur.
740 4269 892 4326 Curt.
932 4277 990 4341 6,
1029 4280 1062 4330 6
1100 4275 1176 4329 ad
1211 4272 1362 4329 Sati·

336 4370 444 4412 Tae.
473 4369 644 4412 Annal.
668 4370 709 4412 1.

1468 3363 1699 3420 struiert
1732 3364 1965 3420 Tacitus
2010 3364 2210 3432 cupido
2246 3369 2324 3418 est
2376 3368 2470 3432 14,
2511 3368 2595 3417 14.

1467 3437 1615 3492 ratio
1651 3441 1727 3492 est
1763 3436 1897 3492 hist.
1937 3440 1988 3502 3,
2025 3440 2112 3490 22.

1539 3521 1637 3580 56.
1679 3530 1725 3580 1.
1764 3510 1917 3579 Uber
1944 3521 2441 3579 Gross·Armenien
2476 3524 2591 3578 und

1469 3595 1560 3651 die
1596 3595 1834 3650 Parther
1871 3614 1910 3651 s.
1951 3612 2018 3649 zu
2056 3612 2142 3664 cp.
2183 3600 2231 3650 1.

1541 3691 1592 3742 2.
1657 3689 1950 3756 praetenta
2005 3700 2117 3739 von
2167 3683 2266 3738 der
2316 3683 2594 3752 Ortslage,

1469 3755 1577 3811 wie
1613 3757 1745 3813 hist.
1793 3762 1825 3810 2
1838 3798 1852 3823 ,
1892 3761 1923 3810 6
1971 3755 2243 3825 quidquid
2287 3760 2595 3810 castrorum

1470 3828 1753 3883 Armeniis
1761 3827 2163 3897 praetenditwr.
2194 3824 2269 3879 So
2279 3825 2594 3894 gebraucht

1470 3897 1716 3966 Tacitus,
1743 3897 1850 3954 wie
1880 3898 2035 3952 seine
2052 3896 2452 3966 Zeitgenossen
2474 3895 2594 3950 und

1472 3969 1565 4026 die
1584 3969 1833 4037 Dichter,
1862 3970 2008 4025 auch
2033 3968 2252 4025 obtendi
2277 3968 2393 4022 und
2421 3983 2591 4036 prae-

1542 4084 1600 4187 4:
1664 4130 1944 4186 Romanos
1981 4160 2049 4169 —
2086 4121 2371 4183 Parthum.
2446 4112 2600 4181 Uber

1472 4203 1580 4257 den
1631 4201 1899 4257 Wechsel
1951 4202 2050 4255 des
2102 4197 2379 4253 Numerus
2435 4215 2478 4254 s.
2529 4216 2600 4252 zu

1472 4290 1558 4343 cp.
1597 4278 1682 4329 60.

2134 4359 2165 4404 9
