2867 4625
959 134 1179 189 LIBER
1212 135 1333 190 XV.
1381 133 1535 191 CAP.
1576 142 1805 190 64-67.
2423 134 2554 199 213

223 298 357 362 dem
411 298 737 363 conscium
792 302 862 363 et
916 297 1367 382 inquisitorem
1412 319 1550 362 non
1602 298 1988 363 tolerabant.
2070 319 2227 384 ergo
2280 295 2557 362 instanti

221 386 661 471 minitantique
699 386 1001 451 renidens
1040 383 1390 451 Scaevinus
1425 386 1753 450 neminem
1795 387 1888 451 ait
1932 386 2123 470 plura
2159 385 2322 452 scire
2360 408 2557 488 quam

219 476 449 560 ipsum,
503 475 932 560 hortaturque
986 475 1159 540 ultro
1214 475 1514 539 redderet
1565 478 1704 540 tam
1756 476 1931 540 bono
1998 476 2276 559 principi
2330 477 2557 541 vicem.
2595 498 2627 545 5

218 586 342 628 non
393 586 519 629 vox
572 564 910 629 adversum
965 587 1043 630 ea
1095 564 1366 648 Faenio,
1419 587 1556 629 non
1610 565 1966 648 silentium,
2022 564 2133 630 sed
2187 565 2387 629 verba
2443 586 2559 630 sua

218 654 625 754 praepediens
672 656 739 718 et
792 654 1056 738 pavoris
1105 655 1513 739 manifestus,
1568 654 1927 738 ceterisque
1974 656 2041 717 et
2084 654 2362 718 maxime
2409 651 2560 718 Cer-

219 743 389 807 vario
434 742 712 808 Proculo
769 743 986 827 equite
1041 743 1339 808 Romano
1398 743 1479 808 ad
1535 743 2045 808 convincendum
2103 764 2250 806 eum
2306 743 2564 825 conisis,

217 833 387 895 iussu
449 832 859 915 imperatoris
925 854 965 897 a
1029 831 1258 898 Cassio
1323 833 1560 917 milite,
1625 833 1737 916 qui
1801 832 1884 897 ob
1947 832 2209 916 insigne
2273 831 2563 915 corporis

222 921 410 985 robur
456 920 783 1004 adstabat,
830 922 1176 1005 corripitur
1220 922 1645 1006 vinciturque.
2607 926 2671 973 10

388 1008 545 1075 Mox
602 1010 952 1075 eorundem
1004 1010 1244 1075 indicio
1292 1009 1560 1075 Subrius
1608 1009 1844 1074 Flavus
1899 1009 2200 1074 tribunus
2255 1009 2564 1093 perverti·
2585 998 2667 1062 67

223 1102 348 1181 tur,
410 1099 624 1182 primo
690 1077 1279 1164 dissimilitudinem
1334 1121 1593 1163 morum
1649 1098 1730 1162 ad
1785 1098 2223 1163 defensionem
2279 1097 2566 1180 trahens,

222 1209 422 1271 neque
469 1210 539 1252 se
587 1191 910 1252 armatum
954 1210 1098 1253 cum
1155 1188 1511 1253 inermibus
1559 1191 1627 1251 et
1671 1188 2057 1252 effeminatis
2111 1191 2366 1252 tantum
2411 1186 2565 1251 faci-

223 1299 335 1340 nus
373 1277 923 1361 consociaturum3
961 1277 1127 1361 dein,
1163 1282 1513 1363 postquam
1550 1277 1920 1362 urgebatur,
1963 1275 2388 1340 confessionis
2427 1276 2564 1361 glo-

224 1364 376 1429 riam
433 1366 766 1450 amplexus
776 1387 810 1450 ,·
853 1367 1420 1452 interrogatusque
1475 1388 1515 1431 a
1568 1364 1856 1449 Nerone,
1919 1366 2155 1450 quibus
2214 1363 2427 1429 causis
2483 1364 2564 1428 ad
2603 1370 2634 1416 ὅ

225 1454 613 1519 oblivionem
671 1455 1058 1521 sacramenti
1110 1456 1553 1539 processisset.
1644 1453 1928 1519 ‘oderam
1983 1452 2073 1518 te’
2129 1453 2368 1538 inquit,
2423 1452 2566 1517 enec

226 1544 555 1628 quisquam
592 1543 718 1609 tibi
754 1543 1007 1609 fidelior
1041 1545 1323 1609 militum
1359 1545 1502 1626 fuit,
1551 1543 1702 1607 dum
1740 1543 1945 1608 amari
1982 1543 2294 1608 meruisti.
2351 1541 2568 1607 odisse

226 1634 425 1716 coepi,
477 1636 825 1717 postquam
878 1634 1204 1717 parricida
1249 1634 1479 1698 matris
1528 1637 1593 1697 et
1637 1633 1884 1715 uxoris,
1938 1632 2170 1717 auriga
2214 1634 2281 1695 et
2332 1630 2566 1695 histrio

227 1724 286 1784 et
326 1722 764 1788 incendiarius
811 1721 1123 1788 extitisti?
1206 1724 1351 1806 ipsa
1395 1723 1623 1786 rettuli
1670 1722 1886 1804 verba,
1931 1721 2085 1805 quia
2129 1742 2289 1805 non,
2338 1724 2414 1785 ut
2460 1718 2566 1784 Se-

223 1832 435 1895 necae,
493 1811 764 1897 vulgata
820 1816 1032 1896 erant,
1085 1832 1208 1877 nec
1239 1813 1467 1876 minus
1523 1811 1709 1876 nosci
1764 1810 2036 1876 decebat
2088 1809 2388 1874 militaris
2443 1808 2568 1874 viri
2609 1814 2673 1861 10

229 1921 444 1964 sensus
501 1900 870 1986 incomptos
928 1904 995 1965 et
1052 1901 1319 1966 validos.
1399 1900 1567 1965 nihil
1625 1900 1695 1964 in
1751 1900 1868 1964 illa
1922 1900 2366 1964 coniuratione
2422 1918 2566 1984 gra-

225 1989 357 2054 vius
395 1989 661 2053 auribus
699 1989 983 2055 Neronis
1033 1990 1340 2055 accidisse
1387 1988 1698 2072 constitit,
1746 1989 1857 2072 qui
1893 1994 1968 2053 ut
2011 1987 2322 2053 faciendis
2372 1987 2567 2052 scele-

226 2078 392 2142 ribus
420 2081 787 2164 promptuS,
832 2080 926 2143 ita
965 2079 1263 2143 audiendi
1310 2100 1475 2162 quae
1522 2078 1765 2142 faceret
1805 2077 2096 2141 insolens
2135 2079 2294 2141 erat.
2357 2097 2568 2160 poena

228 2164 398 2230 Flavi
453 2166 735 2234 Veianio
792 2166 999 2254 Nigro
1056 2169 1320 2232 tribuno
1376 2167 1737 2233 mandatur.
1811 2166 1868 2229 is
1924 2166 2222 2249 proximo
2276 2165 2343 2228 ιιι
2405 2184 2565 2249 agro

230 2257 512 2322 scrobem
559 2256 751 2323 effodi
805 2257 1022 2341 iussit,
1061 2253 1271 2343 ‘quam
1315 2258 1524 2324 visam
1570 2255 1808 2321 Flavus
1855 2256 1930 2319 ut
1983 2254 2297 2319 humilem
2346 2257 2413 2318 et
2459 2275 2566 2319 au·
2609 2258 2672 2305 15

231 2364 477 2429 gustam
524 2347 897 2433 increpanS,
951 2347 1524 2412 circumstantibus
1570 2345 1914 2427 militibus,
1962 2344 2067 2408 ne
2112 2344 2235 2408 hoc
2283 2340 2567 2427 quidem'

227 2434 424 2520 inquit
492 2434 594 2501 ‘ex
651 2435 1036 2520 disciplina?
1128 2435 1623 2521 admonitusque
1686 2434 1945 2499 fortiter
1997 2432 2384 2516 protendere
2439 2453 2569 2497 cer-

232 2525 451 2610 vicem,
517 2524 813 2611 ‘utinam'
877 2526 971 2590 ait
1030 2524 1126 2590 ‘tu
1184 2529 1322 2590 tam
1377 2525 1634 2589 fortiter
1685 2520 1932 2587 feriasl'
2026 2526 2091 2586 et
2135 2522 2244 2586 ille
2290 2521 2569 2585 multum

232 2737 385 2791 meist
456 2736 801 2793 dichterisch
872 2737 987 2790 und
1049 2736 1342 2790 nachklas-
1451 2741 1502 2803 2,
1541 2740 1605 2788 31
1647 2735 1953 2802 petiturum
1993 2748 2048 2787 se
2090 2733 2287 2799 vitam,
2331 2732 2445 2786 ‘nisi
2479 2747 2568 2785 vo-

233 2805 383 2874 sisch3
421 2810 569 2863 auch
610 2815 657 2876 1,
695 2813 780 2863 53.
820 2814 905 2862 69.
947 2813 1030 2876 12,
1069 2813 1154 2861 34.
1197 2812 1279 2874 15,
1311 2813 1339 2860 1
1452 2806 1756 2860 luntariam
1791 2810 2011 2859 mortem
2041 2805 2458 2873 properavisset.

231 2878 335 2931 und
373 2880 536 2936 oster.
1525 2882 1572 2931 7.
1610 2878 1738 2930 dum
1790 2892 1887 2943 „so
1925 2875 2091 2943 lange
2127 2875 2248 2929 als“
2294 2874 2401 2928 mit
2438 2874 2566 2928 dem

295 2954 342 3003 4.
400 2953 651 3006 renidere
715 2949 884 3004 heisst
946 2949 1343 3029 ursprunglich
1450 2947 1703 3013 Perfekt,
1761 2917 1909 3001 b’fter
1952 2946 2047 3000 bei
2088 2946 2218 3001 Tac.
2264 2945 2380 2999 und
2426 2945 2570 2999 auch

234 3035 328 3073 nur
363 3024 674 3092 „“glanzen
680 3066 692 3091 ,
731 3020 842 3076 seit
877 3020 1064 3075 Catull
1099 3020 1214 3074 und.
1249 3018 1343 3072 Li·
1449 3019 1542 3072 bei
1595 3016 1802 3074 Cicero,
1871 3048 1936 3057 —-
2002 3018 2115 3071 Der
2167 3015 2415 3070 Infinitiv
2477 3015 2571 3070 bei

233 3091 346 3145 vius
391 3094 540 3148 auch
586 3092 896 3163 „“,lacheln
941 3091 1035 3145 bei
1070 3090 1201 3147 Tac.
1237 3107 1343 3143 ιιιιι·
1449 3106 1672 3156 merere,
1729 3089 1875 3143 auch
1922 3087 1987 3142 G.
2026 3093 2094 3142 28
2140 3087 2258 3141 ιιιιά
2304 3104 2432 3141 ann.
2483 3091 2568 3154 14,

237 3137 635 3232 ‚,hohnlachen,
709 3163 983 3217 hohnisch
1055 3162 1341 3232 grinsenffl
1453 3167 1549 3229 48,
1604 3160 1679 3214 ist
1722 3159 2065 3214 dichterisch
2110 3159 2225 3213 und
2271 3158 2570 3213 nachklas-

236 3238 282 3299 4,
317 3240 396 3290 60.
453 3234 588 3290 hist.
622 3208 680 3303 4,
718 3240 803 3289 43.
1457 3232 1619 3287 sisch.
1695 3230 1885 3287 Cicero
1932 3233 2074 3285 setzt
2117 3236 2208 3297 ut,
2263 3230 2370 3284 wie
2426 3229 2568 3283 auch

302 3312 345 3360 6.
383 3308 549 3362 verba
584 3323 689 3362 sua
722 3321 979 3376 praep,
954 3304 1342 3372 ,“;stotternd
1453 3303 1584 3357 Tac.
1625 3320 1753 3357 ann.
1792 3309 1842 3370 2,
1881 3308 1967 3357 37.
2662 3306 2669 3314 ‘

234 3380 548 3447 praepedire
585 3378 740 3433 steht
785 3376 941 3430 sonst
985 3375 1203 3429 fiberall
1240 3374 1346 3428 mit
1527 3380 1609 3429 10.
1649 3376 1815 3428 nosci.
1887 3374 2110 3428 Ebenso
2148 3372 2254 3427 mit
2294 3372 2571 3442 passivam

242 3448 569 3505 sachlichem
617 3448 913 3519 Subjekte.
979 3451 1029 3513 2,
1074 3452 1139 3500 73
1178 3463 1344 3515 prae-
1451 3444 1716 3512 Infinitiv,
1746 3452 1795 3513 3,
1824 3450 1893 3499 39
1931 3445 2048 3499 dici
2081 3445 2334 3499 decuerit.
2384 3443 2571 3499 Selten

235 3520 458 3585 peditus.
524 3526 575 3589 4,
614 3526 698 3576 25.
739 3526 790 3587 3,
827 3525 876 3573 3.
918 3522 984 3572 68
1022 3519 1151 3585 fleta
1178 3534 1343 3586 prae-
1453 3516 1546 3570 bei
1586 3514 1794 3570 Cicero.

236 3591 486 3656 pediente.
546 3591 617 3646 So
670 3591 813 3646 auch
860 3589 951 3643 bei
996 3588 1343 3642 Klassikern.
1527 3592 1611 3642 11.
1641 3589 1947 3656 incomptus
1974 3586 2399 3654 „schmucklos“
2427 3586 2570 3640 auch

1454 3665 1503 3726 3,
1551 3665 1583 3712 2
1639 3660 1816 3728 siyna.
1892 3656 2076 3713 Germ.
2124 3664 2190 3711 14
2245 3663 2569 3728 apparatae.

305 3731 394 3787 67.
424 3740 474 3788 2.
504 3734 768 3800 trahem,
772 3729 1213 3801 ,heranziehend‚
1249 3746 1345 3784 an·
1452 3700 1580 3799 V⁷gl.
1623 3729 1734 3784 Cic.
1773 3746 1848 3783 or.
1890 3734 1938 3794 3.
1972 3736 2037 3785 78
2065 3731 2153 3784 sic
2188 3730 2319 3783 haec
2352 3728 2570 3782 subtilis

242 3800 519 3860 ffihrend“.
1452 3801 1632 3855 oratio
1668 3802 1831 3854 etiam
1866 3802 2142 3869 incompta
2179 3800 2421 3854 delectat.

306 3881 354 3930 4.
409 3877 716 3931 consociare
769 3875 1071 3942 facinus,
1075 3872 1213 3940 ,sich
1277 3889 1344 3925 zu
1529 3878 1609 3926 13.
1640 3878 1931 3942 promptus
1966 3872 2072 3926 mit
2109 3872 2237 3925 dem
2264 3868 2437 3923 Dativ
2473 3869 2569 3923 des

246 3943 384 4000 einer
427 3947 574 4002 That
615 3945 960 4002 verbinden“
1006 3944 1151 3998 nach
1194 3943 1342 3997 Ana-
1454 3943 1864 3999 Gerundivums
1914 3943 2005 3998 bei
2043 3941 2271 3995 Tacitus
2307 3957 2414 3995 nur
2448 3940 2571 3993 hier

245 4014 382 4086 logie
434 4035 543 4074 von
594 4019 903 4073 consociare
952 4016 1210 4082 consilia,
1263 4031 1344 4069 re·
1452 4016 1566 4070 und
1598 4020 1681 4083 12,
1712 4021 1747 4068 4
1784 4014 2116 4083 accipiendis
2150 4011 2567 4080 suspicionibus,

246 4102 426 4156 ynam,
486 4091 773 4159 imperium
836 4104 958 4143 cam
1019 4088 1220 4155 aliquo.
1276 4117 1342 4126 --
1456 4118 1526 4127 —
1562 4087 1802 4141 insolens
1838 4086 1944 4139 mit
1980 4085 2107 4138 dem
2135 4081 2387 4140 Genetiv
2405 4089 2455 4150 6,
2484 4088 2568 4137 34.

249 4130 450 4238 Wegen
489 4163 586 4216 der
623 4160 967 4249 Auslassung
1001 4174 1112 4213 von
1157 4158 1345 4224 fuisse,
1449 4158 1583 4212 hist.
1636 4164 1683 4224 1,
1724 4162 1791 4211 87
1841 4156 1957 4209 und
2002 4156 2174 4210 schon
2220 4153 2312 4209 bei
2362 4152 2569 4208 CicerO.

249 4226 332 4282 die
367 4238 542 4287 zuerst
577 4232 669 4288 bei
706 4228 913 4299 Livius,
949 4230 1041 4283 bei
1069 4228 1202 4283 Tac.
1242 4245 1345 4282 nur
1527 4234 1607 4282 17.
1657 4245 1724 4282 ex
1768 4227 2068 4295 disciplina
2124 4225 2259 4295 „der
2303 4224 2573 4294 Ordnung

249 4295 304 4352 in
336 4301 438 4356 den
463 4304 716 4359 Annalen
754 4302 1088 4370 vorkommt,
1124 4300 1237 4370 vgl.
1276 4317 1344 4352 zu
1450 4297 1717 4370 gemass“.
