2867 4625
951 80 1175 138 LIBER
1208 78 1328 137 XV.
1395 81 1553 138 CAP.
1591 89 1750 139 3-6.
2409 83 2535 149 173

360 244 638 313 Corbulo
673 249 915 330 tamen,
951 245 1251 329 quamvis
1290 245 1591 310 secundis
1629 247 1823 312 rebus
1861 246 2023 331 suis,
2071 246 2536 312 moderandum
2557 248 2599 315 5

193 336 480 403 fortunae
524 339 705 402 ratus
751 335 931 400 misit
975 334 1056 399 ad
1097 331 1472 418 Vologesen
1517 334 1629 418 qui
1674 335 2170 419 expostularent
2212 336 2345 401 vim
2388 357 2536 421 pro-

193 425 431 492 vinciae
476 426 775 490 inlatam.
823 423 1069 490 socium
1116 423 1523 508 amicumque
1567 444 1816 510 regem,
1863 423 2161 490 cohortes
2203 423 2536 491 Romanas

195 514 634 580 circumsideri.
727 513 1061 579 omitteret
1111 512 1334 595 potius
1379 512 1815 598 obsidionem,
1871 516 1987 579 aut
2030 534 2100 578 se
2155 536 2414 600 quoque
2467 514 2538 578 in

195 624 340 689 agro
383 603 606 669 hostili
651 605 868 668 castra
921 600 1302 685 positurum.
1396 598 1743 684 Casperius
1789 603 2087 668 centurio
2138 602 2209 667 in
2247 624 2392 669 eam
2449 604 2536 667 le-

194 694 512 779 gationem
566 691 855 757 delectus
910 688 1085 774 apud
1139 689 1450 774 oppidum
1494 688 1785 775 Nisibin,
1838 694 2091 776 septem
2146 694 2214 755 81
2265 623 2607 777 triginta.5

195 781 444 847 milibus
505 801 818 866 passuum
881 801 922 844 a
985 778 1450 864 Tigranocerta
1511 779 1887 864 distantem,
1961 779 2126 845 adiit
2185 801 2407 865 regem
2471 785 2540 846 81

195 870 487 936 mandata
549 870 855 935 ferociter
898 866 1120 934 edidit.
1208 866 1523 953 Vologesi
1576 872 1764 934 vetus
1818 872 1887 933 et
1948 868 2208 954 penitus
2266 869 2539 934 infixum

198 962 323 1033 erat
365 980 548 1024 arma
590 957 892 1023 Romana
935 956 1212 1041 vitandi,
1265 978 1387 1023 nec
1443 958 1817 1041 praesentia
1867 978 2175 1042 prospere
2230 958 2539 1023 fluebant.

196 1047 446 1113 inritum
495 1047 849 1131 obsidium,
901 1048 1082 1111 tutus
1127 1066 1327 1111 manu
1383 1049 1505 1111 et‘
1503 1046 1708 1130 copiis
1754 1045 2099 1132 Tigranes,
2157 1046 2372 1132 fugati
2426 1046 2538 1132 qui
2578 1069 2646 1119 10

196 1137 534 1310 {Effigssff
536 1158 728 1291 1ξίἲὲ
751 1155 1035 1309 ξὲέῖἒέἒ
1036 1139 1222 1288 ἶζῗὲἓο
1250 1134 1649 1326 5m2m¹⁸³m²301³f2
1670 1133 1833 1289 *253²
1834 1135 2539 1308 ‘3323211133055333

198 1314 404 1398 pabuli
447 1315 700 1399 inopia·
744 1336 899 1379 nam
944 1315 1171 1378 exorta
1214 1312 1313 1377 vis
1358 1313 1759 1378 locustarum
1805 1312 2181 1378 ambederat
2224 1311 2540 1398 quidquid

200 1403 527 1469 herbidum
574 1407 690 1469 aut
733 1402 1133 1469 frondosum.
1196 1401 1401 1486 igitur
1436 1404 1616 1466 metu
1653 1402 1960 1468 abstruso
2002 1402 2268 1467 mitiora
2312 1402 2540 1467 obten-

195 1490 369 1577 dens,
422 1493 773 1557 missurum
821 1491 903 1556 ad
955 1491 1414 1574 imperatorem
1460 1489 1829 1556 Romanum
1882 1492 2139 1576 legatos
2185 1511 2379 1576 super
2432 1512 2542 1575 pe·
2582 1514 2647 1564 15

195 1581 376 1646 tenda
411 1581 728 1646 Armenia
764 1584 833 1645 81
866 1579 1188 1645 firmanda
1223 1600 1383 1664 pace
1419 1579 1786 1663 respondet.
1851 1578 2202 1645 Monaesen
2240 1580 2543 1646 omittere

197 1667 724 1755 Tigranocertam
768 1669 976 1754 iubet,
1021 1670 1159 1753 ipse
1206 1671 1381 1733 retro
1428 1668 1742 1734 concedit.

355 1758 541 1825 Haec
595 1759 812 1843 plures
867 1761 943 1822 ut
995 1756 1342 1823 formidine
1396 1757 1573 1843 regis
1620 1760 1689 1822 et
1732 1754 2122 1823 Corbulonis
2177 1758 2372 1822 minis
2426 1778 2540 1841 pa·
2562 1766 2603 1832 6

202 1849 356 1912 trata
417 1870 499 1913 ac
561 1846 909 1933 magnifica
972 1846 1400 1931 extollebant,
1460 1846 1573 1910 alii
1638 1846 1886 1912 occulte
1948 1846 2278 1932 pepigisse
2342 1847 2545 1911 inter-

199 1937 636 2023 pretabantur,
696 1939 773 2001 ut
830 1935 1071 2001 omisso
1131 1935 1457 2019 utrimque
1520 1934 1694 2000 bello
1750 1937 1818 1999 et
1877 1934 2158 2000 abeunte
2212 1934 2544 2020 Vologese

201 2022 501 2109 Tigranes
551 2045 805 2112 quoque
842 2024 1154 2090 Armenia
1190 2023 1582 2089 abscederet.
1646 2044 1759 2088 cur
1805 2024 1976 2087 enim
2022 2024 2377 2090 exercitum
2412 2022 2542 2089 Ro-

203 2133 445 2180 manum
483 2138 524 2180 a
561 2113 1047 2200 Tigranocertis
1086 2111 1472 2178 deductum?
1541 2133 1656 2178 cur
1690 2111 1946 2177 deserta
1978 2133 2096 2197 per
2132 2113 2338 2178 otium
2376 2133 2543 2197 quae
2580 2136 2611 2186 5

203 2201 355 2269 bello
402 2201 868 2269 defenderant?
943 2224 1028 2267 an
1072 2202 1304 2266 melius
1349 2200 1801 2266 hibernavisse
1846 2201 1918 2266 in
1964 2203 2252 2266 extrema
2289 2197 2541 2285 Cappa·

199 2288 393 2378 decia,
450 2292 693 2379 raptim
739 2291 970 2358 erectis
1024 2290 1331 2377 tuguriis,
1386 2313 1582 2376 quam
1637 2290 1710 2356 in
1764 2289 1913 2356 sede
1958 2290 2145 2375 regni
2191 2289 2385 2356 modo
2441 2312 2542 2355 re-

204 2382 397 2447 tenti?
442 2383 647 2451 dilata
690 2403 957 2466 prorsus
1003 2402 1212 2465 arma,
1258 2383 1333 2444 ut
1376 2378 1737 2466 Vologeses
1783 2402 1931 2446 cum
1977 2380 2106 2445 alio
2154 2401 2349 2464 quam
2395 2401 2543 2445 cum

206 2464 552 2537 Corbulone
589 2473 885 2554 certaret,
933 2467 1216 2535 Corbulo
1254 2469 1520 2535 meritae
1568 2472 1672 2535 tot
1714 2491 1832 2554 per
1869 2490 2073 2535 annos
2120 2469 2372 2553 gloriae
2405 2489 2543 2534 non

261 2679 325 2736 5
351 2686 402 2736 4;
439 2687 569 2749 aut,
614 2679 906 2736 Parataxis
942 2680 1084 2735 statt
1117 2678 1308 2749 Hypo·

201 2749 359 2820 taxis,
403 2752 493 2807 fur
526 2754 643 2820 nisi
677 2753 966 2817 omitteret,
1010 2766 1067 2807 se
1101 2766 1311 2821 quoquc

208 2822 294 2877 ott.
345 2793 477 2894 ’Vgl.
520 2815 605 2891 13,
643 2828 712 2877 21
750 2827 852 2878 aut
886 2822 1102 2878 existat.

216 2896 321 3017 ἐὴ
349 2892 646 3020 {asperius
681 2894 757 2950 ist
792 2892 966 2950 881188
1004 2897 1088 2960 12,
1118 2896 1187 2947 45
1226 2909 1310 2946 81·-

210 2975 254 3013 w
321 2982 357 3018 8

269 3038 314 3090 6.
349 3034 560 3092 Nisibis
596 3037 695 3107 lag
722 3035 945 3091 suduch
970 3051 1084 3090 von
1114 3033 1246 3175 Tiy

205 3107 440 3226 gocerta,
495 3107 559 3162 in
615 3108 714 3163 der
757 3106 1105 3162 Landschaft

242 3189 371 3231 oma.

270 3251 316 3302 9.
350 3234 499 3305 Uber
535 3250 644 3304 den
681 3249 776 3304 elli
779 3248 1040 3319 ptischen
1073 3247 1312 3304 Genetiv

202 3314 407 3375 mandi
456 3337 499 3377 s.
541 3339 611 3375 zu
650 3325 734 3389 13,
772 3326 841 3376 26
877 3320 1166 3377 retinendi.
1226 3324 1310 3388 15,

216 3389 289 3440 21·
339 3420 405 3430 —
457 3392 728 3460 fluebant,
763 3390 1044 3447 wiedial.
1082 3392 1313 3447 brebus

212 3470 441 3539 prospere
466 3463 778 3532 fluentibus.
814 3461 946 3517 hist.
977 3468 1029 3532 3,
1048 3467 1116 3517 48
1149 3477 1312 3518 cunc·

215 3527 277 3582 tis
412 3549 468 3589 er
510 3540 639 3590 vota
683 3534 993 3603 fluentibus
1048 3531 1311 3588 Dicserc

216 3594 386 3672 Metap
426 3620 487 3659 81·
514 3604 608 3661 bei
635 3604 746 3660 Cic.
778 3604 870 3660 off.
896 3610 943 3672 1,
964 3609 1034 3660 26
1061 3605 1127 3659 in
1151 3605 1313 3660 rebus

210 3675 466 3741 prosperis
501 3681 552 3732 et
584 3676 662 3733 ad
695 3677 1027 3732 volumtatem
1066 3679 1313 3732 nostram

218 3739 503 3806 mentibus.

277 3817 352 3868 10
387 3833 585 3876 manus
610 3823 660 3874 et
690 3819 878 3888 copiae
907 3818 1170 3888 Truppen
1198 3817 1313 3873 und

222 3876 736 4078 Vsjlriatseumpserant
772 3962 914 4016 statt
947 3963 1313 4029 susceperant.

226 4018 459 4100 Sosagt
510 4032 766 4088 Tacitus.
829 4048 1038 4088 sumere
1100 4032 1314 4099 bellum,

223 4099 481 4170 proelium,
501 4105 976 4174 coniurationem,
1007 4103 1316 4173 periculum

225 4177 288 4289 ¹1¹st
284 4167 412 4299 gg}
477 4160 778 4232 Ahnliches
824 4175 916 4231 bei
953 4143 1166 4232 Sallust
1199 4172 1314 4230 und

1493 2685 1577 2735 12.
1606 2696 1766 2750 pro,
1773 2695 1960 2747 ‚verne
1995 2679 2091 2734 in“
2139 2679 2192 2734 d.
2230 2680 2286 2735 h.
2334 2694 2412 2733 an
2446 2678 2544 2734 der

1418 2750 1649 2819 Grenze,
1677 2751 1784 2806 wie
1812 2751 1921 2821 ΚΡ.
1942 2756 1975 2805 3
1995 2767 2106 2820 pro
2123 2750 2269 2821 ripa.
2293 2780 2362 2791 —
2390 2737 2544 2806 Uber

1417 2822 1509 2877 die
1552 2822 1906 2892 Auslassung
1955 2822 2055 2877 des
2100 2821 2268 2878 Verb.
2321 2821 2545 2879 dicendi

1417 2891 1512 2948 bei
1545 2894 1656 2949 sibi
1689 2894 2006 2951 inbecillum
2041 2910 2084 2948 s.
2119 2891 2266 2948 Einl.
2305 2897 2353 2958 3.
2384 2900 2470 2950 21.

1493 2989 1579 3039 13.
1624 2983 1927 3049 ambedere,
1971 2981 2066 3036 bei
2103 2981 2238 3037 Tac.
2279 2975 2379 3039 aa.
2420 2980 2541 3051 elo„

1419 3055 1577 3109 88881
1648 3071 1755 3108 nur
1818 3052 2183 3109 archaistisch
2197 3096 2211 3124 ,
2285 3053 2541 3125 poetisch

1416 3125 1533 3180 und
1569 3127 1714 3196 spat.

1495 3219 1578 3269 14.
1616 3215 1884 3271 abstruso,
1942 3212 2071 3285 Vgl.
2111 3220 2163 3282 3,
2201 3220 2233 3270 6
2277 3214 2543 3270 abstruse-

1417 3287 1538 3342 rint
1571 3286 1874 3342 tristitiam.

1497 3379 1579 3429 15.
1615 3390 1784 3445 super
1810 3374 1954 3429 statt
1987 3375 2068 3430 de.
2115 3373 2172 3430 S.
2200 3374 2346 3430 Einl.
2377 3379 2423 3441 3.
2456 3379 2541 3430 55.

1491 3515 1552 3571 6.
1599 3521 1650 3570 4.
1699 3514 1808 3584 Tig
1809 3531 1972 3570 ranes
2016 3517 2175 3571 ward
2219 3516 2381 3573 nicht
2415 3516 2544 3571 8818-

1419 3587 1519 3642 der
1546 3586 1648 3642 auf
1671 3532 1997 3642 (18818Τ11188
2036 3589 2271 3658 gesetzt.
2320 3586 2544 3643 Scinem

1421 3657 1577 3713 Sohn
1605 3657 1921 3713 Alexander
1947 3658 2059 3729 gab
2077 3658 2392 3728 Vespasian
2421 3656 2545 3713 eine

1418 3728 1610 3785 kleine
1647 3728 1978 3784 Herrschaft
2012 3730 2074 3784 in
2110 3727 2360 3787 Cilicien.

1494 3823 1543 3874 9.
1581 3818 1853 3886 meritae,
1857 3820 2212 3888 ,“erworben.
2251 3817 2381 3888 Vgl.
2410 3817 2545 3888 Agr.

1421 3894 1457 3944 4
1502 3889 1648 3945 iram
1696 3891 1940 3947 meritus.
2013 3889 2146 3945 11181.
2186 3896 2237 3959 2,
2275 3894 2344 3944 37
2399 3890 2547 3960 quod

1420 3960 1658 4029 ylariam
1925 3978 1993 4017 ue
2030 3993 2097 4003 --
2133 3961 2429 4017 meruisset.
2494 3967 2548 4031 3,

1420 4035 1492 4086 86
1538 4033 1830 4090 amicitias.
1947 4051 1981 4089 o
2027 4033 2201 4088 sehon
2245 4031 2340 4087 bei
2384 4031 2546 4088 Klas-

1422 4102 1638 4161 sikern:
1677 4105 1835 4162 Caes.
1874 4104 1928 4160 b.
1968 4122 2023 4174 g.
2053 4111 2103 4174 6,
2131 4109 2164 4160 5
2202 4121 2270 4160 ex
2306 4120 2366 4160 eo
2401 4105 2548 4174 quod

1422 4182 1696 4233 meruerat
1722 4177 1866 4243 odio,
1894 4176 2007 4232 und
2035 4191 2168 4232 vom
2186 4174 2547 4232 Gelderwerb

1423 4245 1518 4302 bei
1553 4247 1664 4305 Cic.
1703 4266 1759 4318 p.
1798 4248 1961 4305 Rosc.
2002 4265 2142 4305 com.
2184 4253 2282 4306 10.
