2867 4625
173 420 261 485 69

282 78 413 144 192

922 77 1269 134 CORNELII
1306 77 1557 133 ΤΑΟΙΤΙ
1591 77 1987 134 ANNALIUM

281 239 487 307 Silani
532 244 829 306 materna
873 240 1064 325 bona,
1109 241 1346 325 quippe
1384 241 1543 306 Atia
1586 244 1856 326 parente
1907 241 2134 325 geniti,
2179 240 2639 325 reddendaque

279 330 416 396 filio
465 330 646 411 dixit,
692 330 1012 396 adnuente
1059 328 1341 396 Tiberio.

459 419 554 483 At
608 417 948 485 Cornelius
993 416 1341 483 Dolabella
1394 419 1548 483 dum
1604 418 2045 484 adulationem
2102 417 2366 503 longius
2426 418 2643 501 sequi-

285 512 421 592 tur,
467 506 803 593 increpitis
850 505 918 573 C.
957 505 1162 572 Silani
1207 508 1502 573 moribus
1560 507 1808 574 addidit
1862 529 1944 572 ne
1994 506 2140 592 quis
2185 509 2325 573 vita
2368 506 2643 590 probro·

283 618 394 662 sus
440 600 509 661 et
563 600 831 680 opertus
878 596 1153 660 infamia
1216 598 1620 680 provinciam
1667 597 2040 677 sortiretur,
2097 596 2291 681 idque
2334 595 2643 680 princeps

283 684 680 750 diiudicaret.
769 707 921 750 nam
970 707 1010 749 a
1054 684 1311 769 legibus
1360 686 1594 751 delicta
1636 685 1881 769 puniri:
1930 688 2174 770 quanto
2219 683 2358 750 fore
2408 684 2643 749 melius

208 793 246 840 ὅ
284 774 353 839 in
397 774 596 858 ipsos,
643 773 877 839 melius
924 774 993 838 in
1040 774 1270 857 socios,
1314 774 1644 858 provideri
1690 794 1773 838 ne
1819 777 2215 858 peccaretur.
2298 773 2643 838 adversum

286 885 451 947 quae
488 863 793 928 disseruit
840 860 1109 928 Caesar:
1155 884 1286 928 non
1334 864 1590 947 quidem
1642 862 1769 928 sibi
1806 863 2040 949 ignara
2076 884 2242 948 quae
2287 862 2367 927 de
2414 859 2647 927 Silano

284 951 738 1037 v‘ulgabantur,
784 951 896 1016 sed
940 972 1076 1017 non
1122 973 1202 1017 ex
1254 974 1521 1018 rumore
1569 951 2003 1017 statuendum.
2095 954 2337 1016 multos
2382 951 2454 1014 in
2499 972 2646 1035 pro·

281 1040 512 1105 vinciis
577 1045 807 1106 contra
870 1062 1066 1125 quam
1128 1062 1282 1125 spes
1349 1045 1464 1107 aut
1524 1044 1739 1106 metus
1805 1041 1883 1105 de
1945 1039 2078 1104 illis
2141 1040 2337 1104 fuerit
2400 1039 2644 1124 egisse·

282 1128 547 1193 excitari
611 1127 929 1214 quosdam
994 1131 1075 1195 ad
1135 1130 1409 1196 meliora
1479 1129 1926 1215 magnitudine
1987 1150 2231 1212 rerum,
2293 1128 2644 1193 hebescere

178 1237 245 1286 10
284 1217 465 1283 alios.
565 1239 775 1302 neque
833 1239 1030 1301 posse
1083 1219 1443 1304 principem
1500 1241 1617 1283 sua
1673 1218 1948 1284 scientia
2001 1220 2236 1284 cuncta
2279 1217 2648 1301 complecti,

283 1327 489 1389 neque
547 1306 849 1390 expedire
906 1311 982 1371 ut
1037 1307 1392 1374 ambitione
1449 1307 1666 1374 aliena
1722 1307 2040 1372 trahatur.
2130 1306 2275 1371 ideo
2332 1306 2514 1392 leges
2573 1306 2645 1369 in

282 1395 457 1460 facta
502 1395 843 1479 constitui,
897 1395 1050 1480 quia
1102 1395 1325 1462 futura
1377 1397 1450 1461 in
1503 1396 1753 1462 incerto
1812 1396 1961 1462 sint.
2052 1395 2146 1461 sic
2193 1417 2233 1459 a
2277 1394 2643 1459 maioribus

282 1483 684 1567 institutum,
738 1488 840 1568 ut,
894 1486 951 1548 si
1005 1485 1330 1551 antissent
1384 1486 1648 1569 delicta,
1705 1506 1955 1569 poenae
2013 1486 2454 1568 sequerentur.
2557 1503 2645 1547 ne

281 1576 611 1641 verterent
664 1572 990 1655 sapienter
1046 1579 1307 1659 reperta
1367 1578 1434 1640 et
1480 1595 1736 1657 semper
1792 1574 2074 1656 placita:
2142 1572 2304 1637 satis
2369 1593 2643 1637 onerum

77 1690 98 1745 ‘.
175 1681 243 1728 15
283 1660 703 1747 principibus,
750 1661 911 1726 satis
949 1661 1149 1727 etiam
1183 1664 1532 1747 potentiae.
1614 1662 1822 1727 minui
1855 1661 2017 1746 iura,
2064 1660 2372 1746 quotiens·
2405 1661 2648 1745 gliscat

282 1751 593 1833 potestas,
638 1770 756 1814 nec
792 1750 1107 1815 utendum
1144 1751 1442 1836 imperio,
1478 1751 1592 1816 ubi
1631 1751 1888 1835 legibus
1927 1751 2036 1835 agi
2071 1750 2299 1834 possit.
2389 1751 2640 1832 quanto

284 1836 492 1902 rarior
562 1837 733 1921 apud
796 1836 1131 1904 Tiberium
1198 1840 1632 1924 popularitaS,

676 1929 872 2010 atque
935 1926 1046 1991 ille
1099 1928 1384 2011 prudens
1451 1927 1852 2010 moderandi,
1916 1927 1973 1991 si
2025 1927 2295 2011 propria
2347 1928 2447 1990 ira
2499 1947 2644 1990 non

284 1928 566 2009 accepta.

1699 1842 1885 1904 tanto
1950 1837 2332 1904 laetioribus
2397 1836 2641 1902 animis

282 2013 750 2098 impelleretur,
810 2015 1059 2083 addidit
1117 2017 1403 2082 insulam
1451 2015 1740 2102 Gyarum
1799 2015 2095 2079 inmitem
2155 2018 2222 2078 et
2268 2014 2409 2079 sine
2455 2014 2645 2080 cultu

173 2123 246 2173 2ο
281 2101 620 2167 hominum
667 2123 846 2168 esse.
893 2103 1121 2169 darent
1155 2104 1383 2170 Iuniae
1418 2105 1709 2169 familiae
1747 2108 1815 2169 et
1850 2103 1991 2168 viro
2032 2103 2354 2188 quondam
2393 2102 2649 2167 ordinis

282 2190 596 2276 eiusdem,
650 2194 725 2256 ut
770 2189 1100 2276 Cythnum
1159 2194 1381 2276 potius
1429 2194 1824 2260 concederet.
1914 2192 1982 2256 id
2041 2213 2330 2257 sororem
2386 2212 2645 2276 quoque

354 2443 404 2493 8.
469 2438 610 2493 Atia
647 2434 815 2506 (nach
839 2434 1093 2508 Madvig)
1131 2456 1248 2494 war
1283 2439 1407 2494 eine

283 2508 633 2577 angesehene
676 2524 834 2577 qen-3,
882 2526 950 2562 ιιι
997 2508 1098 2563 der
1133 2528 1187 2565 ιι.
1226 2526 1277 2567 a.
1316 2511 1407 2565 die

283 2579 497 2635 Mutter
537 2578 637 2634 des
664 2578 952 2649 Augustus
989 2581 1193 2650 gehort
1228 2581 1405 2637 hatte.

354 2659 577 2716 69.1.
658 2644 811 2713 Uber
872 2658 1168 2716 Dolabella
1231 2677 1273 2717 s.
1339 2680 1409 2716 ιιι

320 2772 406 2854 ’4.
480 2817 520 2854 a
567 2802 777 2870 legibus
820 2800 1249 2872 personifiziert,
1297 2801 1405 2858 wie

283 2869 396 2925 Cic.
434 2871 582 2940 part.
622 2873 761 2930 orat.
800 2877 869 2927 38
918 2889 1033 2927 non
1078 2889 1187 2929 esse
1230 2874 1408 2941 feren·

284 2942 418 2997 dum
453 2958 491 2995 a
523 2957 796 3012 quoquam
832 2945 1024 3012 potius
1061 2944 1254 2999 latoris
1287 2961 1408 3000 sen-

284 3028 407 3068 sum
452 3029 617 3081 qaam
664 3030 701 3067 a
744 3013 857 3083 leye
911 3015 1197 3082 eoeplicari.
1283 3016 1408 3072 Sen.

282 3085 538 3140 controv.
578 3089 672 3152 24,
714 3090 743 3137 1
789 3084 1001 3151 ferrmn
1044 3102 1082 3139 a
1129 3085 1241 3154 leqe
1275 3087 1411 3140 mihi

283 3155 569 3210 traditum.
659 3125 819 3208 Sehr
876 3154 1057 3209 selten
1121 3155 1180 3209 in
1236 3155 1411 3211 Prosa

281 3224 538 3295 haufiger
572 3224 666 3279 bei
700 3224 990 3280 Dichtern.

356 3310 407 3359 7.
480 3305 611 3373 vuly
613 3304 872 3360 abantur.
955 3291 1104 3361 Uber
1141 3304 1233 3360 die
1271 3306 1407 3361 Auf-

280 3374 514 3444 hebung
562 3374 663 3429 der
706 3373 1027 3432 indirekten
1061 3375 1220 3432 Rede
1258 3394 1301 3433 s.
1340 3397 1407 3433 zu

285 3454 334 3517 1,
375 3453 442 3501 10
477 3446 791 3502 abstulerat.

355 3532 406 3583 8.
488 3530 681 3581 eontra
734 3544 922 3596 quam,
978 3544 1085 3582 nur
1137 3528 1260 3583 hier
1313 3515 1406 3584 bei

282 3597 528 3666 Tacitus,
568 3596 713 3651 doch
742 3599 917 3653 schon
943 3598 1036 3653 bei
1066 3597 1259 3653 Cicero
1287 3601 1404 3654 und

281 3666 492 3723 Livius.
568 3667 642 3722 So
679 3670 825 3723 auch
859 3685 1013 3724 secus
1047 3687 1212 3739 quam
1248 3676 1311 3739 4,
1351 3675 1400 3725 8.

283 3745 337 3807 s,
375 3744 460 3794 ιι.

357 3814 440 3865 11.
505 3808 624 3863 Aut·
644 3811 898 3879 expedire
932 3810 1081 3882 folgt
1106 3818 1184 3879 ut,
1224 3812 1406 3867 damit

280 3879 443 3937 nicht
478 3881 573 3936 ein
604 3879 854 3936 Infinitiv
890 3897 1023 3936 vom
1060 3882 1270 3937 andern
1305 3883 1403 3939 ab·

282 3954 487 4022 hange.
578 3951 706 4023 Vgl.
746 3951 880 4007 dial.
920 3960 986 4007 31
1025 3953 1405 4025 intelliyebant

279 4039 418 4093 opus
452 4039 562 4079 esse
590 4053 655 4064 —
684 4029 763 4080 ut.
830 4028 898 4077 32
939 4025 1263 4094 respondeat
1287 4026 1403 4093 suf-

277 4095 437 4163 ficere
470 4100 550 4150 ut.

355 4179 440 4229 13.
493 4173 600 4229 Die
629 4174 796 4230 Form
821 4174 1004 4230 antire
1031 4176 1171 4230 statt
1198 4176 1404 4231 anteire

282 4244 411 4299 tritt
446 4261 530 4315 cp.
571 4251 639 4300 66
677 4248 860 4301 zuerst
893 4245 988 4304 bei
1021 4244 1261 4328 Tacitus·
1288 4245 1401 4316 auf,

1515 2438 1668 2492 dann
1703 2437 1851 2492 oster
1893 2438 1955 2492 in
1989 2437 2103 2493 den
2136 2435 2409 2492 Annalen.
2482 2437 2649 2492 Doch

1516 2508 1698 2564 bleibt
1750 2507 1896 2564 auch
1961 2507 2088 2562 hier
2143 2509 2352 2564 anteire
2403 2508 2648 2564 vorwie-

1515 2580 1680 2649 gend.
1790 2579 2274 2635 Bemerkenswert
2345 2578 2474 2632 sind
2548 2578 2648 2634 die

1515 2650 1700 2706 vielen
1718 2649 2011 2720 Asyndeta
2037 2669 2136 2705 zur
2159 2649 2368 2704 kurzen
2395 2648 2642 2704 Inhalts-

1515 2721 1734 2792 angabe
1770 2722 1871 2776 der
1906 2721 2076 2776 Rede.

1589 2808 1673 2857 14.
1696 2801 1930 2871 placita,
1954 2798 2332 2871 adjektivisch
2351 2799 2457 2855 wie
2477 2805 2528 2869 2,
2552 2806 2643 2856 66.

1593 2887 1675 2936 16.
1740 2885 1948 2950 quanto
1993 2881 2180 2936 rarior
2226 2910 2293 2919 -
2340 2885 2498 2935 tanto
2531 2880 2647 2935 lae-

1517 2953 1767 3008 tioribus.
1863 2951 1968 3005 Die
2022 2966 2085 3004 re
2086 2949 2428 3032 εθΙιιιέζείἕθ
2473 2951 2646 3004 Form

1519 3024 1619 3078 der
1667 3021 2218 3092 Proportionalsatze
2280 3021 2360 3076 ist
2409 3021 2472 3075 in
2530 3022 2648 3076 den

1517 3094 1778 3148 Annalen
1796 3094 1925 3147 sehr
1954 3092 2156 3157 selten;
2187 3098 2236 3157 3,
2261 3097 2330 3146 30
2358 3108 2419 3147 eo
2453 3093 2646 3147 aerior

1518 3181 1625 3234 quo
1660 3167 1851 3234 magis.
1940 3170 1998 3231 1,
2039 3169 2106 3219 ’12
2154 3168 2360 3232 quanto
2397 3164 2533 3232 plus
2573 3193 2643 3203 —

1517 3241 1676 3290 tanto
1710 3236 1902 3305 magis.

1591 3320 1674 3371 18.
1751 3316 1998 3385 prudens
2050 3311 2159 3368 mit
2209 3312 2338 3368 dem
2384 3312 2647 3382 Genetiv,

1515 3387 1661 3441 auch
1696 3384 1832 3456 Agr.
1873 3391 1957 3441 19.
2003 3386 2134 3439 hist.
2174 3390 2243 3452 2,
2280 3388 2368 3438 25.
2454 3383 2647 3440 Sohon

1514 3456 1608 3512 bei
1672 3457 1866 3513 Cicero
1926 3456 2041 3510 und
2103 3453 2313 3509 Livius.
2415 3455 2647 3511 Ebenso

1513 3527 1860 3583 konstruiert
1910 3526 2141 3582 Tacitus
2189 3527 2489 3596 providus,
2536 3527 2647 3582 im-

1501 3600 1794 3683 providae,
1821 3599 2127 3668 praesciae,
2181 3598 2436 3665 callidus,
2473 3602 2646 3654 vetus.

1515 3700 1583 3709 —
1648 3671 1701 3725 si
1761 3671 1871 3724 mit
1933 3670 2061 3725 dem
2124 3668 2271 3738 Konj
2277 3637 2476 3723 unktiv
2541 3669 2648 3724 der

1513 3739 1976 3810 Wiederholung,
2013 3740 2121 3794 wie
2149 3745 2201 3807 2,
2231 3744 2297 3794 5¹1
2325 3740 2380 3793 si
2413 3741 2646 3808 quando

1513 3812 1800 3867 adsideret.
1876 3817 1941 3880 4,
1979 3816 2009 3866 ’1
2056 3812 2110 3866 εἰ
2163 3811 2388 3880 quando
2425 3811 2646 3893 discep-

1513 3887 1669 3938 taret.
1745 3888 1806 3950 6,
1844 3887 1915 3936 30
1951 3883 2067 3936 und
2104 3880 2266 3938 ofter.
2340 3880 2444 3936 Bei
2481 3879 2647 3936 Klas-

1513 3954 1702 4007 sikcrn
1758 3954 1888 4008 sehr
1945 3952 2153 4008 selten.
2210 3950 2323 4008 Cic.
2371 3951 2440 4006 de
2496 3954 2648 4012 orat.

1515 4029 1572 4090 1,
1611 4028 1682 4078 54
1733 4024 1787 4079 si
1832 4025 1996 4093 fraus
2031 4024 2291 4093 capitalis
2332 4039 2446 4079 non
2491 4028 2654 4084 esset.

1511 4102 1615 4158 Bei
1652 4102 1867 4159 Sueton
1901 4120 2046 4172 ganz
2082 4101 2457 4183 gewohnlich.

1510 4243 1547 4298 S
1584 4179 1670 4230 21.
1757 4174 2005 4245 Cyamus
2058 4175 2203 4244 liegt
2255 4171 2474 4227 sfidlicb
2523 4191 2651 4230 von

1550 4245 1760 4303 unium.
