2867 4625
353 91 479 158 196
1000 90 1350 150 CORNELII
1386 90 1636 146 ΤΑΟΙΤΙ
1673 89 2069 147 ANNALIUM

348 258 614 340 ruperat
676 254 1138 339 videbaturque
1192 253 1371 319 Nero
1428 254 1801 320 condendae
1855 254 2035 319 urbis
2088 276 2299 320 novae
2360 256 2426 319 et
2480 275 2717 340 cogno-

347 348 572 410 mento
630 366 747 411 suo
805 343 1230 429 appellandae
1278 343 1561 430 gloriam
1608 364 1932 429 quaerere.
2024 341 2264 427 quippe
2306 342 2378 407 in
2421 344 2717 429 regiones

247 447 312 498 10
349 432 867 518 quattuordecim
911 433 1127 499 Roma
1172 430 1514 518 dividitur,
1570 454 1847 519 quarum
1894 435 2205 516 quattuor
2248 432 2544 517 integrae
2593 456 2720 498 ma·

347 522 620 607 nebant,
676 526 809 588 tres
865 523 1004 588 solo
1052 524 1241 587 tenus
1287 520 1604 606 deiectae3
1662 524 1913 605 septem
1959 521 2229 607 reliquis
2273 542 2481 607 pauca
2524 525 2722 588 tecto·

347 633 494 676 rum
539 612 820 698 vestigia
865 614 1279 696 supererant,
1322 612 1543 676 lacera
1586 613 1654 675 et
1700 612 2004 675 semusta.

523 698 855 767 Domuum
909 704 976 766 et
1027 700 1391 765 insularum
1446 703 1513 765 et
1568 698 2021 784 templorum‚·
2048 720 2212 784 quae
2267 698 2507 764 amissa
2560 703 2723 784 sunt,

346 810 686 854 numerum
750 789 913 855 inire
975 789 1153 854 haud
1214 793 1597 874 promptum
1651 787 1881 853 fuerit:
1949 787 2063 853 sed
2118 787 2576 853 vetustissima
2637 810 2722 854 re·

346 878 619 963 ligione,
674 878 847 963 quod
894 877 1158 945 Servius
1205 877 1458 943 Tullius
1506 876 1754 963 Lunae,
1800 880 1868 942 et
1912 897 2159 962 magna
2205 899 2321 942 ara
2364 876 2718 963 fanumque

349 988 513 1051 quae
577 968 908 1051 praesenti
971 965 1240 1032 Herculi
1302 965 1507 1034 Arcas
1571 966 1878 1032 Evander
1941 969 2336 1051 sacraverat,
2405 965 2721 1052 aedesque

277 1073 308 1119 5
348 1052 626 1122 Statoris
698 1055 875 1122 Iovis
954 1060 1110 1121 vota
1182 1055 1464 1122 Romulo
1535 1054 1917 1141 Numaeque
1991 1055 2173 1141 regia
2248 1058 2314 1120 et
2379 1055 2719 1121 delubrum

217 1199 240 1226 ,,
346 1142 591 1210 Vestae
646 1167 793 1210 cum
846 1144 1199 1211 Penatibus
1252 1145 1482 1229 populi
1538 1143 1824 1210 Romani
1878 1147 2136 1228 exusta3
2198 1144 2332 1209 iam
2402 1165 2569 1228 opes
2636 1148 2724 1210 tot

345 1232 635 1299 victoriis
701 1234 1026 1319 quaesitae
1088 1236 1155 1299 et
1210 1232 1610 1300 Graecorum
1665 1232 1906 1298 artium
1963 1233 2225 1318 decora,
2296 1232 2447 1298 exin
2502 1255 2724 1298 monu-

346 1325 568 1387 menta
613 1324 1022 1408 ingeniorum
1070 1322 1343 1408 antiqua
1387 1325 1457 1388 et
1502 1323 1906 1406 incorrupta,
1962 1327 2036 1387 ut
2080 1321 2376 1407 quamvis
2423 1322 2495 1386 in
2520 1379 2525 1383 .
2546 1326 2721 1387 tants

345 1411 743 1496 resurgentis
771 1412 949 1477 urbis
975 1412 1474 1497 pulchritudine,
1512 1410 2046 1477 multa-seniores
2083 1410 2527 1495 meminerint,
2566 1433 2719 1496 quae

243 1517 308 1564 10
345 1501 637 1584 reparari
690 1502 1064 1586 nequibant.
1156 1500 1338 1566 fuere
1395 1499 1508 1586 qui
1563 1501 1950 1565 adnotarent
2001 1498 2198 1565 XIIII
2248 1498 2392 1564 Kal.
2442 1498 2717 1566 Sextiles

344 1588 736 1674 principium
773 1590 1058 1656 incendii
1093 1589 1288 1656 huius
1327 1593 1563 1675 ortum,
1602 1611 1730 1676 quo
1767 1592 1835 1654 et
1862 1585 2152 1655 Senones
2192 1592 2451 1673 captam
2491 1590 2716 1655 urbem

344 1676 904 1744 inflammaverint.
990 1679 1103 1743 alii
1149 1701 1226 1745 eo
1273 1700 1480 1765 usque
1529 1700 1682 1744 cura
1727 1679 2058 1764 progressi
2107 1680 2279 1763 sunt,
2324 1680 2401 1742 ut
2442 1678 2716 1744 totidem

346 1787 550 1832 annos
598 1788 978 1852 mensesque
1025 1771 1093 1833 et
1137 1768 1274 1834 dies
1320 1769 1497 1834 inter
1542 1770 1816 1853 utraque
1862 1766 2168 1832 incendia
2210 1771 2590 1833 numerent.

239 700 322 763 41

344 1942 412 2007 in
459 1965 587 2028 qua
631 1945 805 2011 haud
852 1944 1118 2030 perinde
1165 1967 1462 2031 gemmae
1510 1948 1576 2010 et
1614 1967 1845 2010 aurum
1885 1944 2199 2009 miraculo
2239 1947 2477 2028 essent,
2531 1946 2718 2011 solita

341 2031 594 2116 pridem
649 2037 716 2099 et
767 2036 926 2100 luxu
982 2035 1279 2119 vulgata,
1333 2056 1531 2119 quam
1588 2055 1745 2099 arva
1800 2036 1866 2099 et
1923 2036 2158 2118 stagna
2216 2036 2282 2098 et
2335 2033 2407 2098 in
2452 2035 2715 2099 modum

345 2120 767 2188 solitudinum
810 2123 966 2189 hinc
1013 2123 1215 2189 silvae
1261 2123 1414 2189 inde
1461 2125 1688 2206 aperta
1733 2121 1949 2207 spatia
1993 2126 2060 2186 et
2112 2124 2535 2207 prospectae,
2597 2146 2715 2188 ma·

272 2229 305 2278 5
343 2209 568 2295 gistris
625 2214 691 2276 et
745 2212 1301 2277 machinatoribus
1358 2209 1595 2278 Severo
1651 2215 1719 2277 et
1775 2208 2025 2295 Celere,
2087 2211 2322 2296 quibus
2378 2211 2713 2296 ingenium

344 2303 412 2364 et
465 2300 734 2367 audacia
788 2304 954 2387 erat,
1019 2300 1216 2367 etiam
1273 2322 1440 2386 quae
1494 2303 1729 2366 natura
1784 2298 2263 2386 denegavisset,
2324 2321 2443 2383 per
2513 2304 2714 2367 artem

342 2390 661 2474 temptare
685 2394 771 2455 et
807 2390 1054 2457 viribus
1090 2390 1404 2476 principis
1442 2390 1749 2455 inludere.
1821 2411 2102 2474 namque
2141 2389 2223 2455 ab
2267 2390 2416 2454 lacu
2450 2388 2712 2457 Averno

525 1852 831 1921 Ceterum
865 1855 1042 1923 Nero
1086 1879 1242 1922 usus
1289 1860 1392 1923 est
1433 1856 1686 1940 patriae
1732 1856 1938 1921 ruinis
1986 1855 2400 1941 extruxitque
2435 1854 2716 1939 domum,
2790 1867 2792 1874 '

343 2582 539 2637 stficke
578 2583 741 2653 lagen
756 2625 770 2651 ‚
809 2583 1002 2638 bilden
1040 2582 1206 2639 einen
1240 2583 1471 2638 kleinen

342 2651 609 2707 Stadtteil
635 2653 913 2709 zwischen
942 2654 1071 2710 dem
1089 2654 1324 2723 Kapitol
1353 2653 1472 2709 und

344 2722 473 2777 dem
507 2723 827 2789 Quirinalis.
869 2756 937 2765 —-
966 2741 1329 2795 prorumpere
1365 2725 1472 2780 mit

343 2793 470 2848 dem
516 2795 751 2851 Ablativ
797 2813 840 2853 s.
888 2815 956 2851 zu
998 2801 1092 2865 13,
1131 2803 1202 2851 44
1249 2797 1469 2852 eubicu-

342 2865 498 2935 loque
540 2870 872 2937 prorumpit.

378 2941 462 3061 49.
491 2923 642 2992 Uber
704 2938 794 2994 die
853 2944 921 2993 14
967 2938 1258 3008 Regionen
1305 2955 1350 2992 s.
1400 2956 1468 2992 zu

346 3013 369 3060 1
422 3050 436 3076 ,
479 3013 561 3062 12.

410 3129 509 3186 41.
574 3138 621 3186 1.
668 3134 885 3188 insulae
930 3132 1055 3188 sind
1092 3131 1469 3202 grosse-Hau-

340 3200 755 3271 serkomplexe‚
821 3202 912 3257 die
975 3203 1276 3258 vermietet
1325 3222 1470 3258 wur-

340 3272 466 3327 den.
539 3273 730 3327 Daher
774 3274 1087 3329 insularius
1135 3274 1314 3345 einer,
1370 3275 1473 3329 der

340 3360 437 3397 zur
473 3342 647 3399 Miete
683 3344 894 3401 wohnt.

411 3420 461 3470 3.
509 3414 624 3469 Der
653 3415 888 3486 Tempel
918 3416 1019 3471 der
1044 3416 1202 3471 Luna.
1241 3417 1340 3486 lag
1376 3433 1471 3472 am

339 3485 654 3541 Aventinus
690 3487 839 3542 nach
867 3487 995 3543 dem
1026 3486 1220 3572 Circus
1249 3506 1335 3557 zu,
1378 3488 1470 3543 die

339 3559 1009 3685 fflffssuss'ffessdssssrffl‘
1023 3576 1288 3686 {25:3³3
1313 3559 1471 3686 ‹303AE

339 3716 439 3754 vor
485 3699 614 3755 dem
662 3699 884 3770 Circus,
942 3702 1041 3757 der
1087 3701 1323 3772 Tempel
1370 3701 1468 3757 des

337 3770 607 3827 Hercules
634 3770 832 3828 Victor
865 3773 1013 3827 nahe
1054 3772 1221 3827 dabei
1259 3789 1332 3828 an
1369 3773 1471 3827 der

337 3841 525 3911 Tiber,
553 3842 646 3898 'die
668 3842 847 3914 Regia
882 3842 1156 3899 zwischen
1175 3844 1285 3899 den
1303 3844 1467 3899 Tem-

338 3912 474 3980 peln
530 3913 629 3969 des
676 3914 900 3985 Jupiter
951 3915 1142 3970 Stator
1198 3915 1313 3969 und
1368 3915 1469 3969 der

339 3981 516 4037 Vesta
552 4001 625 4039 an
666 3985 763 4039 der
793 3984 1186 4041 Sfidwestseite
1226 3984 1325 4041 des
1359 3984 1467 4040 Fo-

339 4068 509 4108 rums.

343 4191 356 4202 .
412 4130 462 4177 6.
508 4122 621 4180 Das
657 4125 811 4181 Verb
856 4145 924 4182 zu
970 4144 1096 4196 opes
1140 4127 1283 4209 liegt
1319 4130 1466 4183 noch

339 4208 401 4243 m
435 4199 643 4249 exusta.

415 4267 495 4316 10.
543 4264 658 4320 Das
695 4266 903 4323 Datum
943 4266 1100 4324 XIIII
1137 4268 1260 4324 Kal.
1293 4268 1463 4336 Sext„

1577 2582 1656 2637 ist
1707 2580 1945 2653 richtig,
2009 2597 2176 2637 wenn
2231 2599 2363 2636 man
2419 2582 2710 2651 annimmt,

1580 2652 1703 2708 dass
1760 2653 1851 2708 die
1909 2652 2122 2708 Gallier
2178 2653 2352 2709 sehon
2408 2671 2506 2708 am
2565 2654 2707 2737 Tage

1577 2726 1723 2779 nach
1781 2723 1881 2779 der
1932 2723 2206 2779 Schlacht
2257 2742 2330 2779 an
2386 2724 2489 2778 der
2544 2726 2703 2793 Anu,

1578 2795 1669 2850 die
1699 2793 1811 2850 den
1841 2799 1925 2850 18.
1956 2794 2075 2850 Juli
2104 2795 2240 2850 oder
2267 2794 2372 2849 XV
2398 2795 2534 2851 Kal.
2566 2796 2703 2852 Sext

1579 2866 1880 2935 stattfand‚
1926 2865 2071 2921 Rom
2120 2864 2179 2920 in
2217 2866 2409 2921 Brand
2445 2868 2703 2937 gesteckt
2784 2906 2785 2909 η

1575 2937 1762 2992 haben
1775 2978 1789 3004 ‚
1827 2953 1945 2992 was
1981 2936 2118 2992 aber
2152 2935 2314 2992 nicht
2347 2937 2634 2995 feststeht.

1653 3014 1738 3062 12.
1777 3009 2001 3064 totidem
2046 3047 2080 3077 ‚‚
2121 3007 2421 3064 leichviel“
2471 3010 2531 3065 d.
2561 3010 2616 3065 h.
2657 3009 2707 3062 in

1579 3084 1688 3133 454
1714 3079 1927 3134 Jahren
1966 3081 2084 3133 stec
2127 3094 2198 3133 en
2230 3084 2335 3133 418
2365 3079 2563 3152 Jahre,
2599 3081 2706 3135 Μο-

1578 3154 1711 3205 nate
1747 3150 1865 3205 und
1892 3151 2064 3219 Tage.
2131 3150 2236 3205 Die
2266 3149 2592 3223 Gleichung
2615 3152 2703 3206 ist:

1576 3255 2047 3382 14332-42-
2093 3308 2162 3329 ε-
2210 3288 2343 3349 454,
2425 3284 2779 3340 susannem:¹

1940 3333 2045 3383 365

1578 3421 1684 3471 418
1704 3416 1812 3490 ¹lso·

1579 3487 1861 3559 mfissigen
1898 3487 2134 3558 Kopfes!

1650 3628 1751 3685 42.
1802 3636 1850 3684 1.
1889 3631 2124 3687 dmnwm.
2186 3629 2260 3684 Es
2289 3629 2368 3684 ist
2395 3628 2492 3685 die
2519 3632 2699 3686 domm

1579 3718 1778 3770 aurea,
1829 3717 2136 3842 (genauqu)
2162 3698 2699 3827 bezfffiggessffi

1574 3771 2202 3914 {ti-tignwauffleiklarte
2236 3842 2417 3899 Nero:
2453 3859 2512 3899 se
2543 3842 2698 3913 quasi

1574 3915 1845 3970 hominem
1894 3915 2116 3970 tandem
2159 3914 2413 3970 habitare
2455 3915 2692 3984 coepisse.

1573 4054 1620 4109 Ε
1622 3992 1718 4114 11211
1755 3974 1925 4122 {lbgg
1963 3986 2118 4042 haud
2160 3986 2399 4054 perinde
2447 4002 2609 4056 quam
2654 4003 2690 4039 s.

1636 4134 1696 4210 ⁶⁷.
1754 4128 2007 4183 inludere
2039 4126 2215 4210 „sein
2262 4126 2420 4211 Spiel
2440 4127 2689 4211 ‚treibem

1571 4197 1917 4254 Missbrauch
1946 4199 2217 4269 11e1ben“,
2255 4215 2364 4254 wie
2396 4199 2527 4255 lust.
2554 4204 2605 4266 2,
2625 4201 2689 4252 94

1563 4271 1855 4340 pecuniam
1871 4271 2135 4326 inludere.

1902 3416 2151 3472 Albeme
2219 3415 2499 3487 Spielerei
2561 3418 2700 3473 eines
2778 3402 2784 3461 ὲ

2786 2009 2792 2072 1
