2867 4625
938 82 1163 138 LIBER
1199 83 1322 141 XII.
1382 82 1537 140 CAP.
1580 91 1805 142 13—17.
2456 88 2541 152 41

184 250 399 332 verat,
453 247 716 313 relictos
770 247 839 311 in
882 267 1057 312 novo
1102 266 1306 332 regno
1354 244 1573 331 Cotyn
1616 247 1881 313 iuventa
1924 248 2149 314 rudem
2195 253 2262 315 et
2305 271 2546 333 paucas

186 336 554 404 cohortium
608 357 756 401 cum
799 334 973 400 Iulio
1017 334 1264 419 Aquila
1319 337 1533 420 equite
1578 334 1906 420 Romano,
1962 339 2200 422 spretis
2256 339 2548 424 utrisque

184 426 445 493 concire
498 425 829 507 nationes,
881 424 1146 490 inlicere
1202 424 1541 510 perfugas3
1594 428 1923 529 postremo
1979 427 2262 493 exercitu
2320 433 2546 494 coacto
2585 446 2622 496 5

183 537 407 602 regem
453 513 977 580 Dandaridarum
1035 513 1339 578 exturbat
1396 512 1796 599 imperioque
1841 515 1981 581 eius
2025 517 2291 600 potitur.
2383 539 2548 602 quae

183 606 298 671 ubi
364 603 631 690 cognita
690 606 758 667 et
818 602 950 666 iam
1014 601 1275 686 iamque
1327 601 1698 686 Bosporum
1762 603 2106 669 invasurus
2169 604 2553 692 habebatur,

182 693 387 758 diffisi
443 693 726 778 propriis
770 691 1017 757 viribus
1063 690 1307 776 Aquila
1352 694 1419 755 et
1464 689 1693 776 Cotys,
1749 692 1904 777 quia
1947 691 2248 759 Zorsines
2296 655 2553 760 Siraco-

181 805 334 847 rum
378 803 493 848 rex
536 780 802 846 hostilia
844 782 1313 865 resumpserat,
1369 783 1668 847 externas
1715 784 1782 845 et
1825 782 1952 866 ipsi
2000 783 2247 866 gratias
2294 783 2550 868 quaesi-

178 892 338 938 vere
380 869 598 935 missis
641 869 879 956 legatis
925 868 1009 933 ad
1048 867 1388 952 Eunonen,
1440 869 1553 954 qui
1596 869 1960 935 Aorsorum
2004 871 2185 955 genti
2228 871 2549 955 praeside·
2590 889 2664 939 ιο

180 961 322 1026 bat.
402 980 525 1024 nec
568 958 695 1023 fuit
737 960 810 1024 in
855 958 1055 1023 arduo
1104 958 1381 1024 societas
1426 958 1792 1042 potentiam
1827 958 2193 1024 Romanam
2239 958 2549 1025 adversus

179 1047 493 1115 rebellem
538 1046 966 1112 Mithridaten
1016 1046 1515 1112 ostentantibus.
1602 1046 1807 1132 igitur
1849 1048 2183 1132 pepigere,
2238 1048 2550 1133 equestri-

181 1139 309 1204 bus
358 1136 625 1221 proeliis
669 1135 980 1202 Eunones
1026 1139 1334 1221 certaret,
1390 1135 1642 1201 obsidia
1696 1136 1955 1201 urbium
2002 1134 2285 1202 Romani
2330 1157 2550 1221 capes-

184 1229 429 1292 serent.

368 1313 554 1380 Tunc
599 1313 962 1399 composito
1009 1314 1267 1400 agmine
1312 1314 1649 1393 incedunt,
1695 1314 1877 1379 cuius
1920 1313 2205 1380 frontem
2252 1318 2318 1379 et
2364 1317 2552 1399 terga
2574 1318 2666 1382 16

179 1403 414 1488 Aorsi,
469 1403 683 1469 media
737 1402 1038 1469 cohortes
1087 1406 1154 1468 et
1199 1402 1570 1489 Bosporani
1612 1403 2000 1470 tutabantur
2042 1404 2285 1468 nostris
2332 1403 2405 1467 in
2451 1423 2552 1467 ar-

181 1493 335 1559 mis.
408 1492 503 1557 sic
539 1493 765 1577 pulsus
802 1492 1034 1570 hostis,
1069 1497 1462 1577 ventumque
1501 1489 1751 1576 Sozam,
1789 1490 2095 1576 oppidum
2124 1491 2554 1577 Dandaricae,

183 1580 365 1666 quod
421 1579 748 1647 desertum
803 1602 842 1645 a
885 1541 1270 1647 Mithridate
1316 1583 1399 1647 ob
1450 1580 1795 1684 ambiguos
1839 1580 2253 1684 popularium
2299 1581 2554 1645 animos

181 1669 478 1736 obtineri
530 1669 756 1735 relicto
810 1668 905 1734 ibi
948 1670 1274 1753 praesidio
1320 1670 1552 1735 visum.
1642 1670 1792 1735 exin
1836 1671 1905 1735 in
1952 1668 2209 1735 Siracos
2253 1671 2555 1755 pergunt,
2592 1688 2631 1737 5

182 1763 252 1825 et
317 1758 717 1843 transgressi
779 1779 1038 1824 amnem
1092 1757 1385 1825 Pandam
1449 1759 1966 1824 circumveniunt
2027 1758 2254 1824 urbem
2309 1757 2555 1860 Uspen,

181 1848 436 1914 editam
477 1848 621 1913 loco
668 1849 736 1911 et
778 1847 1116 1912 moenibus
1162 1869 1238 1914 ac
1282 1847 1481 1914 fossis
1526 1848 1865 1930 munitam,
1909 1847 2040 1912 nisi
2086 1847 2259 1932 quod
2293 1847 2558 1912 moenia

180 1958 328 2002 non
384 1957 542 2001 saxo
599 1935 713 2001 sed
768 1935 1056 2002 cratibus
1116 1940 1183 2001 et
1235 1936 1541 2002 vimentis
1591 1958 1666 2002 ac
1711 1937 1924 2001 media
1967 1936 2167 2001 humo
2213 1936 2558 2001 adversum

181 2027 638 2109 inrumpentes
701 2025 988 2091 invalida
1050 2028 1263 2111 erant3
1327 2026 1725 2110 eductaeque
1786 2026 1982 2090 altius
2037 2028 2249 2090 turres
2301 2023 2557 2088 facibus

184 2119 393 2199 atque
458 2114 666 2179 hastis
729 2114 1087 2180 turbabant
1151 2115 1474 2181 obsessos.
1575 2135 1652 2179 ac
1704 2114 1778 2178 ni
1831 2113 2153 2198 proelium
2208 2134 2338 2178 nox
2393 2110 2556 2176 dire·
2597 2133 2675 2181 10

183 2204 442 2287 misset,
489 2205 719 2287 coepta
762 2206 1147 2305 patrataque
1194 2204 1591 2290 expugnatio
1640 2202 1913 2268 eundem
1952 2203 2125 2267 intra
2162 2201 2332 2266 diem
2369 2200 2558 2265 foret.

373 2290 648 2359 Postero
695 2293 927 2358 misere
964 2292 1239 2379 legatos,
1285 2293 1541 2360 veniam
1584 2292 1808 2359 liberis
1846 2291 2225 2377 corporibus
2263 2292 2668 2374 orante8317

187 2381 455 2448 servitii
499 2382 719 2448 decem
763 2382 947 2447 milia
992 2382 1372 2449 offerebant.
1444 2383 1617 2467 quod
1664 2381 1992 2467 aspernati
2052 2383 2203 2445 sunt
2257 2379 2559 2456 victores,

187 2472 352 2557 quia
409 2470 735 2537 trucidare
786 2470 1037 2536 deditos
1085 2493 1374 2555 saevum,
1428 2474 1688 2537 tantam
1732 2469 2220 2535 multitudinem
2266 2466 2562 2534 custodia

263 2634 322 2684 3.
379 2626 487 2682 Die
523 2628 732 2682 Romer
766 2628 1179 2684 unterstfitzten
1217 2629 1328 2683 den

187 2699 372 2769 Cotys
388 2698 499 2753 mit
516 2698 701 2753 einem
718 2698 1326 2769 Truppenkommando

187 2772 367 2826 unter
404 2769 471 2825 A.
506 2768 704 2824 Didius
733 2768 947 2837 Gallus,
983 2770 1114 2825 dem
1142 2769 1327 2826 Julius

190 2840 417 2910 Aquila
449 2840 617 2910 folgt.

266 2919 324 2968 6.
397 2910 882 2967 Dandaridarum.
971 2911 1138 2967 Diese
1211 2912 1328 2966 und

189 2981 290 3039 die
330 2981 538 3037 beiden
564 2981 868 3051 folgenden
895 2981 1111 3037 Volker
1135 2982 1328 3037 wohn-

189 3056 299 3110 ten
351 3052 560 3107 ostlich
604 3069 733 3108 vom
782 3053 1110 3109 asowschen
1146 3052 1335 3109 Meere

191 3124 319 3181 und
347 3138 540 3179 waren
567 3140 698 3179 vom
717 3124 827 3179 Bos
869 3141 998 3178 orus
1027 3122 1334 3194 abhangig.

272 3201 326 3251 ’1.
383 3196 706 3250 invasurus.
844 3195 998 3250 aberi
1040 3195 1149 3250 mit
1204 3196 1335 3251 dem

192 3266 493 3323 Nominat.
523 3282 571 3321 c.
599 3264 750 3320 infin.
776 3267 925 3321 auch
951 3270 1004 3334 4,
1033 3271 1119 3322 45.
1171 3266 1336 3321 Nach

195 3337 341 3393 Sall.
379 3335 449 3390 fr.
487 3342 541 3404 4,
580 3342 647 3392 57
684 3335 780 3391 Kr.

272 3414 328 3464 9.
384 3405 492 3461 Die
538 3407 750 3462 Phrase
801 3408 1026 3463 hostilia
1069 3423 1337 3463 resumere

193 3481 277 3536 ist
327 3478 535 3534 ebenso
592 3477 1024 3549 ungewohulich
1079 3477 1186 3534 wie
1242 3479 1334 3534 ho-

194 3551 362 3606 stilia
407 3549 588 3616 faeere
635 3554 842 3619 15,13.
917 3553 1163 3618 coeptare
1202 3539 1335 3604 hist.

278 3699 367 3775 12.
425 3688 539 3745 Der
584 3689 766 3745 blosse
804 3691 948 3760 KonJ
937 3689 1155 3745 unktiv
1189 3690 1337 3744 nach

371 3778 459 3817 ere
503 3759 578 3817 ist
621 3755 721 3816 ἅπ.
762 3759 894 3831 elo„
924 3709 1145 3816 Jebenso
1187 3761 1337 3815 nach

192 3834 569 3905 perpulerant
602 3831 736 3888 hist.
772 3838 827 3902 4,
864 3803 949 3887 2'0.

276 3974 379 4031 16.
455 3982 506 4030 2.
579 3975 785 4030 nostr-ie
836 3975 902 4029 in
954 3975 1142 4030 armis.
1234 3974 1340 4029 Die

202 4045 568 4117 Bosporaner
601 4061 792 4102 waren
830 4045 969 4112 also,
1007 4046 1116 4101 wie
1153 4061 1213 4100 es
1246 4045 1344 4100 bei

204 4116 598 4174 verbundeten
614 4116 899 4172 Barbaren
923 4115 1176 4186 vorkam,
1193 4115 1342 4171 nach

202 4187 518 4245 romischer
554 4187 747 4243 Weiss
782 4186 1097 4243 bewaffnet.

276 4265 332 4315 4.
387 4259 750 4330 popularium
803 4260 948 4315 statt
980 4258 1211 4329 populi,
1263 4255 1345 4312 im

1434 2910 1553 2966 und

1435 2628 1783 2698 Gegensatze
1862 2643 2046 2697 gegen
2120 2625 2211 2680 die
2283 2623 2563 2679 Fremden

1434 2702 1600 2755 unter
1635 2697 2009 2753 Mithridates.

1490 2776 1578 2895 θ6.
1612 2769 1728 2824 Der
1769 2768 1927 2824 Fluss
1963 2768 2163 2823 Panda
2208 2765 2287 2821 ist
2331 2765 2564 2821 ehenso-

1656 2840 1910 2895 bekannt
1935 2839 2044 2895 πίε
2072 2838 2165 2893 die
2194 2837 2395 2893 Stadte
2424 2836 2572 2892 Soza

1642 2929 1667 2965 s
1710 2927 1757 2965 e.

1508 2988 1560 3039 ⁷.
1614 2928 1757 3037 nge
1774 2982 1920 3052 quod
1967 2981 2121 3035 steht
2155 2979 2437 3051 geradezu
2473 2976 2570 3032 fiir

1443 3055 1554 3120 sed,
1577 3052 1687 3107 πίε
1717 3058 1765 3122 1,
1794 3059 1863 3108 33
1891 3053 2019 3121 ipsa
2045 3051 2371 3121 Ayrippina
2393 3050 2574 3118 paulo

1444 3125 1784 3190 commotior,
1836 3124 1952 3178 nisi
2201 3152 2269 3162 —
2319 3122 2574 3176 animum

1443 3196 1509 3249 in
1535 3196 1737 3250 bonum
1762 3195 2017 3250 vertebat.
2066 3198 2155 3263 14,
2186 3197 2254 3246 14
2280 3192 2397 3248 nisi
2422 3191 2576 3262 quoa

1442 3282 1647 3322 merces
1683 3267 1783 3322 ctt.

1516 3341 1568 3391 8.
1619 3337 1727 3392 Die
1763 3334 2021 3391 Ablativi
2055 3350 2195 3391 saxo
2231 3335 2330 3389 ctt.
2369 3333 2571 3389 stehen

1441 3407 1535 3461 fiir
1587 3424 1655 3461 ex
1706 3422 1847 3462 samo
1899 3404 2016 3460 und
2069 3405 2409 3461 bezeichnen
2460 3404 2570 3458 den

1445 3477 1605 3561 Stoff.
1643 3508 1711 3518 --
1744 3478 2041 3533 vimentum
2066 3475 2141 3530 ist
2167 3470 2269 3531 ἅπ.
2299 3474 2402 3546 elo.
2430 3476 2576 3531 statt

1443 3564 1638 3603 mmen.

1500 3624 1566 3673 ·.9
1604 3624 1783 3674 twrree
1820 3648 1889 3660 -
1926 3617 2247 3685 turbabant,
2284 3617 2407 3673 eine
2439 3616 2576 3671 Per·

1446 3688 1830 3756 sonifikation,
1886 3687 1994 3744 πίε
2040 3688 2225 3744 Germ.
2273 3693 2344 3743 44
2388 3703 2574 3756 prora

1440 3765 1705 3833 paratam
1756 3774 1962 3829 semper
2016 3760 2282 3828 appulsae·
2334 3759 2577 3825 frontem

1446 3833 1580 3901 aqit.
1654 3818 1815 3886 Ofter
1857 3830 1962 3885 hat
1996 3828 2126 3885 Tac.
2167 3845 2282 3884 nox
2316 3828 2433 3882 und
2469 3843 2573 3883 an-

1444 3918 1553 3958 nus
1587 3901 2011 3973 personificiert.

1521 4044 1619 4100 17.
1676 4049 1724 4099 1.
1763 4048 1984 4113 postero
2024 4041 2170 4097 ohne
2204 4040 2294 4095 die
2327 4038 2407 4094 ist
2443 4040 2579 4093 sehr

1451 4115 1657 4185 selten,
1712 4113 1858 4171 doch
1912 4113 2059 4168 auch
2105 4110 2201 4167 bei
2244 4108 2574 4165 Klassikern

1450 4157 1873 4243 vorkommend.
1946 4183 2076 4254 Vgl.
2114 4188 2167 4252 4,
2202 4186 2273 4236 45
2319 4197 2444 4237 cum
2474 4195 2576 4249 po·

1452 4262 1593 4313 stero
1629 4258 1705 4314 ad
1740 4256 2106 4326 quaestionem
2139 4254 2521 4310 retraheretur.
