2867 4625
264 808 343 872 41

379 115 506 179 108

1027 113 1371 170 CORNELII
1409 114 1651 170 TACITI
1689 114 2078 171 ANNALIUM

373 278 602 362 visset,
647 277 861 342 fronte
909 278 1102 342 simul
1148 281 1214 343 et
1260 279 1409 343 sinu
1458 279 1872 362 exciperetur.
1965 278 2295 343 adsultare
2350 299 2424 342 ex
2467 278 2679 343 diverso

374 365 721 450 TiridateS,
775 388 911 433 non
969 389 1173 452 usque
1230 366 1309 431 ad
1364 368 1566 432 ictum
1621 368 1764 451 teli,
1821 367 1936 432 sed
1989 371 2130 432 tum
2184 367 2511 451 minitans,
2569 370 2681 432 tum

273 470 335 518 15
376 456 591 538 specie
637 455 1042 540 trepidantis,
1091 456 1146 521 si
1192 456 1409 521 laxare
1448 457 1704 521 ordines
1744 459 1809 521 et
1854 456 2144 522 diversos
2182 457 2530 522 consectari
2564 478 2683 540 pos-

374 550 490 608 set.
571 544 685 608 ubi
728 544 892 609 nihil
946 545 1315 610 temeritate
1363 546 1650 611 solutum
1703 566 1824 610 nec
1881 545 2161 630 amplius
2222 567 2417 629 quam
2463 544 2682 609 decurio

373 632 665 715 equitum
693 633 1031 699 audentius
1068 653 1455 718 progressus
1493 638 1561 699 et
1597 634 1861 719 sagittis
1899 634 2187 700 confixus
2225 637 2473 699 ceteros
2500 634 2575 698 ad
2597 634 2683 698 ob·

374 721 667 805 sequium
706 723 998 806 exemplo
1044 723 1433 806 firmaverat,
1479 723 1858 808 propinquis
1894 723 2028 787 iam
2065 723 2352 787 tenebris
2391 723 2681 788 abscessit

547 809 639 875 Et
683 809 965 877 Corbulo
1013 815 1228 876 castra
1271 813 1341 876 in
1392 813 1538 877 loco
1585 814 1894 895 metatus,
1950 834 2033 876 au
2081 811 2398 895 expeditis
2451 811 2683 896 legioni-

369 899 492 963 bus
545 904 740 965 nocte
784 898 1106 966 Artaxata
1158 903 1461 985 pergeret
1519 901 1901 985 obsidioque
1959 901 2389 965 circumdaret
2434 900 2683 984 agitavit,

371 989 772 1053 concessisse
818 990 972 1054 illuc
1017 988 1355 1054 Tiridaten
1398 993 1598 1054 ratus.
1690 989 1839 1054 dein
1884 992 2232 1074 postquam
2280 989 2683 1074 exploratores

368 1078 647 1141 attulere
707 1076 1135 1162 longinquum
1182 1078 1357 1163 regis
1409 1079 1536 1143 iter
1591 1082 1658 1143 et
1701 1078 1877 1142 Medi
1923 1100 2008 1142 an
2053 1075 2301 1142 Albani
2355 1081 2683 1162 peterentur
2777 1080 2778 1135 ἶ

299 1179 330 1227 5
370 1165 705 1247 incertum,
751 1167 960 1230 lucem
1009 1166 1369 1251 opperitur,
1415 1167 1899 1252 praemissaque
1945 1166 2110 1232 levis
2157 1169 2514 1249 armatura,
2557 1186 2686 1252 quae

369 1276 590 1319 muros
664 1254 925 1319 interim
993 1254 1271 1321 ambiret
1336 1257 2013 1341 oppugnationemque
2078 1256 2330 1321 eminus
2397 1257 2684 1339 inciperet

370 1342 482 1407 sed
529 1342 840 1427 oppidani
885 1344 1093 1427 portis
1142 1348 1374 1428 sponte
1421 1343 1764 1428 patefactis
1812 1366 1880 1409 se
1930 1365 2176 1446 suaque
2218 1343 2533 1409 Romanis
2574 1364 2683 1428 per-

367 1431 626 1515 misere,
684 1432 854 1516 quod
903 1432 1173 1497 salutem
1217 1433 1378 1516 ipsis
1425 1433 1606 1497 tulit:
1653 1433 1987 1498 Artaxatis
2041 1433 2213 1518 ignis
2259 1434 2564 1498 inmissus
2605 1433 2683 1496 de·

366 1521 623 1604 letaque
681 1523 746 1584 et
799 1522 940 1587 solo
1003 1525 1279 1606 aequata
1334 1525 1515 1606 sunt,
1575 1522 1727 1606 quia
1788 1543 1906 1587 nec
1971 1522 2177 1586 teneri
2228 1527 2526 1604 poterant
2580 1522 2685 1585 sine

266 1623 332 1671 10
369 1608 587 1673 valido
613 1609 939 1692 praesidio
969 1610 1051 1674 ob
1081 1610 1601 1695 magnitudinem
1638 1612 1965 1675 moenium
2003 1632 2124 1675 nec
2163 1610 2230 1674 id
2266 1611 2463 1675 nobis
2490 1610 2685 1675 virium

371 1700 536 1779 erat,
583 1697 753 1780 quod
798 1698 1116 1762 firmando
1162 1699 1486 1782 praesidio
1534 1704 1601 1765 et
1647 1698 2042 1783 capessendo
2089 1698 2267 1763 bello
2315 1699 2687 1776 divideretur,

369 1784 472 1849 vel
519 1784 575 1848 si
621 1786 881 1871 integra
926 1790 994 1851 et
1035 1787 1431 1853 incustodita
1476 1789 2017 1872 relinquerentur,
2070 1787 2254 1852 nulla
2306 1788 2381 1851 in
2428 1810 2502 1853 eo
2546 1787 2686 1852 utili·

369 1876 472 1937 tas
529 1877 644 1937 aut
705 1875 917 1959 gloria
980 1876 1150 1959 quod
1208 1881 1400 1961 capta
1456 1881 1689 1942 essent.
1778 1876 2053 1941 adicitur
2106 1876 2495 1941 miraculum
2545 1876 2687 1941 velut

367 1962 636 2027 numine
683 1962 1000 2028 oblatum:
1059 1987 1214 2029 nam
1260 1970 1496 2030 cuncta
1544 1969 1753 2046 [extra
1796 1966 2015 2045 tectis]
2072 1965 2392 2030 hactenus
2450 1967 2576 2031 sole
2614 1965 2686 2028 in·

263 2066 329 2115 15
366 2050 597 2117 lustria
641 2051 847 2136 fuere3
894 2053 1064 2138 quod
1102 2056 1440 2119 moenibus
1478 2055 1887 2139 cingebatur,
1933 2058 2197 2138 repente
2235 2055 2330 2118 ita
2367 2058 2514 2119 atra
2545 2053 2687 2117 nube

371 2143 744 2224 coopertum
791 2142 1284 2227 fulgoribusque
1330 2143 1680 2209 discretum
1718 2146 1845 2228 est,
1890 2146 1964 2207 ut
2010 2143 2199 2227 quasi
2242 2142 2686 2208 infensantibus

369 2228 506 2293 deis
568 2230 760 2295 exitio
819 2231 990 2296 tradi
1046 2232 1427 2297 crederetur.
1513 2234 1595 2298 ob
1652 2232 1813 2298 haec
1868 2232 2312 2297 consalutatus
2370 2232 2688 2317 imperator

366 2317 573 2404 Nero,
631 2322 696 2385 et
753 2324 1016 2386 senatus
1072 2321 1367 2388 consulto
1425 2322 1931 2406 supplicationes
1985 2321 2275 2405 habitae,
2340 2326 2686 2405 statuaeque

369 2410 435 2470 et
492 2430 677 2473 arcus
735 2412 801 2474 et
854 2410 1144 2476 continui
1209 2412 1586 2476 consulatus
1649 2411 1954 2496 principi,
2019 2413 2216 2495 utque
2280 2410 2455 2475 inter
2515 2411 2685 2475 festos

261 2511 329 2560 20
367 2496 716 2562 referretur
761 2498 925 2583 dies,
981 2521 1110 2583 quo
1155 2503 1416 2584 patrata
1462 2500 1763 2584 victoria,
1821 2522 1948 2585 quo
1995 2499 2326 2583 nuntiata,
2387 2521 2513 2584 quo
2557 2498 2685 2563 rela-

367 2588 506 2650 tum
554 2586 631 2650 de
678 2608 755 2652 ea
796 2591 983 2672 esset,
1030 2588 1285 2673 aliaque
1322 2589 1393 2653 in
1431 2589 1702 2654 eandem
1739 2589 2018 2653 formam
2065 2588 2517 2673 decernuntur,
2558 2588 2684 2652 adeo

441 2782 524 2831 13.
571 2779 702 2832 sinu
745 2779 1077 2835 bezeichnet
1130 2780 1222 2835 die
1277 2782 1489 2851 bogen-

364 2846 609 2975 fl'ffiimige
666 2850 1052 2921 Ausdehnung
1123 2852 1222 2907 des
1293 2852 1490 2907 linken

472 2936 542 2987 ge
567 2937 592 2973 s

442 2995 524 3044 16.
561 3006 662 3046 nec
707 3008 833 3061 amp
836 2992 945 3047 lius
1065 3010 1155 3047 am
1209 2995 1357 3063 „und
1402 2996 1489 3050 als

1031 3062 1177 3118 chen
1232 3080 1363 3133 war,
1401 3066 1487 3120 als

599 3119 849 3187 Ahnlich
903 3134 980 3188 ist
1033 3133 1123 3188 die
1169 3107 1382 3218 Ellipse
1427 3135 1487 3190 in

364 3205 555 3269 15,13
602 3218 701 3256 nec
736 3204 897 3258 aliud
942 3221 1108 3273 quam
1147 3206 1488 3262 munimenta

354 3272 809 3341 propuqnabant,
847 3291 935 3329 wo
958 3274 1165 3344 jedoch
1196 3276 1288 3331 ein
1310 3275 1486 3334 Aktiv

364 3342 681 3410 (faciebant,
710 3344 966 3414 ayebant)
996 3363 1064 3401 zu
1092 3352 1367 3417 erganzen
1393 3348 1484 3403 ist.

364 3061 554 3115 nichts
608 3009 833 3117 weiterp
860 3079 1062 3133 gesce

361 3130 538 3185 dass‘fl

435 3483 532 3539 41.
575 3491 624 3540 1.
662 3502 741 3541 an
783 3486 963 3557 hangt
998 3504 1107 3543 von
1146 3488 1360 3558 aqitare
1394 3491 1486 3559 ab,

367 3555 475 3608 wie
512 3571 572 3610 es
607 3555 836 3612 Tacitus
874 3560 1018 3613 setzt
1064 3559 1157 3614 bei
1201 3560 1311 3615 den
1344 3532 1488 3616 Aus-

364 3626 616 3681 drficken
645 3626 743 3682 des
761 3614 1131 3699 Uber-legens·
1160 3633 1488 3699 consultare,

362 3698 664 3765 consulere,
700 3699 971 3756 dubitare.

433 3775 484 3823 4.
523 3769 702 3825 Unter
727 3768 954 3825 Medien
979 3770 1107 3827 ist
1090 3790 1150 3826 m
1187 3772 1283 3828 der
1315 3774 1483 3828 romi·

366 3840 538 3895 schen
583 3841 708 3896 Zeit
749 3858 857 3895 nur
909 3842 1009 3897 der
1053 3842 1484 3900 nordwestliche

363 3910 490 3965 Teil
562 3912 661 3967 des
723 3913 880 3968 alten
941 3912 1352 3971 Mederreiches
1415 3934 1483 3969 zu

362 3984 685 4051 verstehen,
758 3983 905 4038 auch
969 3985 1315 4055 Atropatene
1387 4003 1484 4057 ge·

343 4055 541 4108 *nannt
563 4054 710 4109 nach
740 4054 868 4109 dem
885 4055 1294 4112 Perserffirsten
1318 4058 1485 4112 Atro·

362 4125 553 4191 pates,
608 4124 707 4179 der
761 4142 821 4181 es
875 4142 988 4182 von
1034 4127 1350 4183 Alexander
1396 4128 1482 4182 als

365 4192 624 4263 Satrapie
674 4196 929 4252 erhalten
983 4198 1158 4255 hatte.
1233 4197 1483 4253 Seitdem

364 4278 482 4315 war
536 4280 593 4318 es
649 4265 771 4344 eine
836 4266 1084 4323 erbliche
1138 4268 1479 4339 Monarchie,

1593 2777 1753 2836 ward
1800 2780 2011 2864 jedoch
2064 2781 2231 2835 unter
2275 2780 2493 2851 Trajan
2533 2779 2684 2860 einige

1595 2851 1764 2907 ,τωο
1808 2851 2261 2921 tributpfliohffig
2311 2883 2382 2893 -
2386 2800 2576 2906 JUber
2614 2848 2683 2903 die

1596 2922 1803 2978 Albani
1838 2940 1880 2977 s.
1919 2941 1988 2976 zu
2025 2928 2110 2991 12,
2146 2927 2235 2977 45.

1669 3000 1717 3049 6.
1749 2994 1954 3049 ambire
1981 2992 2371 3063 „umzingeln“
2402 2995 2547 3049 auch
2572 2999 2615 3058 1,
2632 2995 2682 3045 68

1595 3070 1659 3119 ut
1693 3064 1901 3120 vallum
1936 3065 2108 3119 armis
2144 3066 2431 3121 ambirent.
2492 3064 2562 3119 So
2595 3061 2684 3116 erst

1595 3135 1675 3190 im
1730 3135 2011 3191 silbernen
2063 3134 2290 3204 Latein·
2344 3136 2409 3189 in
2465 3136 2560 3191 der
2604 3134 2682 3188 Be·

1594 3207 1847 3276 deutung
1885 3205 2043 3276 „sich
2070 3177 2555 3277 herumbewegen‚
2587 3221 2683 3259 um-
2781 3259 2782 3262 ,

1593 3277 1849 3333 kreisen“
1897 3278 2075 3333 sehon
2119 3277 2329 3333 einmal
2372 3278 2469 3333 bei
2503 3277 2681 3331 Cicero
2781 3293 2782 3308 ι

1668 3355 1752 3403 12.
1790 3350 1873 3404 vel
1906 3349 2048 3404 statt
2082 3353 2199 3415 aut,
2237 3348 2341 3404 wie
2375 3354 2459 3418 14,
2488 3353 2553 3403 35
2585 3347 2681 3402 vin-
2781 3349 2782 3352 ’

1593 3421 1821 3475 cendum
1865 3420 1948 3475 vel
1993 3420 2310 3474 cadendum.
2375 3420 2508 3477 hist.
2555 3425 2596 3487 1,
2628 3421 2680 3469 21

1593 3491 1862 3546 oblivione
1895 3490 2357 3560 velyloria.1st
2389 3461 2681 3545 ⁴tacitei’sch.

1595 3548 1852 3617 —Uber
1889 3561 2009 3616 den·
2021 3506 2322 3616 eebrauoh
2359 3562 2456 3617 des
2483 3560 2679 3615 anuas-

1594 3632 1816 3688 sischen
1850 3633 2219 3688 incustoditus
2253 3651 2295 3687 s.
2333 3652 2401 3687 zu
2438 3638 2521 3702 12,
2557 3636 2601 3685 4.

1666 3709 1752 3759 14.
1800 3709 1959 3759 embra
2000 3704 2153 3758 tectis
2203 3703 2420 3759 seheint
2473 3704 2559 3758 ein
2603 3697 2685 3755 auf

1590 3772 2069 3830 Mifsverstandnis
2081 3774 2430 3830 beruhendes
2439 3774 2678 3830 Glosscm.

1593 3878 1661 3886 —
1698 3847 1959 3901 hactenns
1983 3861 2097 3900 von
2128 3845 2230 3900 der
2253 3844 2368 3901 Ver
2515 3841 2680 3900 enheit

1592 3917 1714 3984 „bis
1754 3916 1961 3971 dahin“
1999 3916 2143 3971 auch
2180 3916 2288 3986 ΚΡ.
2326 3922 2410 3972 47.
2455 3916 2580 3997 Agr.
2609 3917 2674 3967 10.

1592 3958 1665 4043 ’So
1713 3989 1897 4043 zuerst
1939 3987 2036 4043 bei
2081 3986 2258 4055 ovid,
2314 3988 2460 4042 daun
2496 3986 2602 4041 Liv.
2636 3989 2677 4049 7,

1591 4064 1659 4113 26
1713 4060 1973 4115 hactenus
2023 4058 2237 4128 quietae
2278 4060 2543 4128 utrimque
2580 4059 2675 4111 sta-

1588 4132 1763 4186 tiones
1795 4131 1963 4198 fuere.

1662 4207 1746 4257 16.
1810 4202 2100 4257 discretum
2177 4200 2553 4255 durchkreuzt.
2618 4222 2674 4235 --

1589 4258 1740 4326 Uber
1775 4273 2055 4339 infamare
2092 4289 2135 4326 s.
2173 4288 2241 4325 zu
2277 4270 2382 4341 ΚΡ.
2419 4277 2500 4327 87.
