2867 4625
308 64 444 130 274

309 249 386 293 ac
431 227 653 292 liberti
714 227 906 292 unius
967 226 1364 291 conscientia
1419 226 1742 292 utebatur.

970 61 1310 118 CORNELII
1344 62 1590 121 TACITI
1623 62 2019 119 ANNALIUM

1846 226 1905 291 is
1950 226 2318 293 litterarum
2365 227 2661 314 ignaruS,

309 337 578 400 corpore
606 315 844 400 valido,
879 336 996 399 per
1033 315 1183 381 avia
1220 337 1295 380 ac
1331 315 1607 418 derupta
1636 312 1818 398 (nam
1857 315 2030 380 saxis
2059 315 2290 382 domus
2327 313 2664 403 imminet)

308 404 608 489 praeibat
646 426 811 489 eum,
847 404 1028 469 cuius
1067 408 1276 469 artem
1314 404 1589 486 experiri
1617 402 1918 469 Tiberius
1948 405 2323 509 statuisset,
2343 409 2411 470 et
2445 427 2662 490 regre-

235 509 270 560 5
307 494 611 576 dientem,
647 494 704 558 si
741 494 1051 559 vanitatis
1091 497 1205 558 aut
1238 493 1542 558 fraudum
1579 492 1860 578 suspicio
1896 493 2267 577 incesserat,
2302 496 2373 560 in
2411 495 2662 559 subiec-

308 587 450 648 tum
514 603 693 647 mare
746 582 1248 667 praecipitabat,
1310 605 1391 647 ne
1456 581 1648 647 index
1712 582 1933 647 arcani
1988 583 2345 648 exsisteret.

2457 583 2660 668 igitur

304 671 684 736 Thrasullus
757 671 966 736 isdem
1042 671 1312 755 rupibus
1384 671 1689 736 inductus
1750 675 2100 756 postquam
2162 675 2661 757 percontantem

307 763 774 843 commoverat,
836 759 1179 844 imperium
1240 759 1371 844 ipsi
1435 763 1503 824 et
1573 759 1794 824 futura
1866 760 2166 826 sollerter
2237 760 2662 845 patefaciens,

305 849 749 933 interrogatur
808 870 894 914 an
953 869 1140 914 suam
1199 869 1455 935 quoque
1510 849 1863 934 genitalem
1924 849 2159 914 horam
2213 851 2662 934 comperisset,

201 953 271 1003 10
310 958 500 1022 quem
547 941 688 1003 tum
733 960 993 1022 annum,
1028 938 1287 1023 qualem
1324 937 1496 1002 diem
1542 937 1832 1003 haberet.
1912 937 2025 1002 ille
2069 938 2327 1021 positus
2375 938 2660 1004 siderum

308 1048 381 1092 ac
429 1027 641 1111 spatia
688 1026 1017 1092 dimensus
1062 1027 1331 1091 haerere
1374 1026 1607 1111 primo,
1652 1026 1803 1091 dein
1835 1048 2199 1111 pavescere,
2236 1030 2301 1091 et
2337 1031 2660 1112 quantum

306 1115 788 1199 introspiceret,
833 1116 1044 1200 magis
1092 1135 1166 1181 ac
1214 1115 1423 1200 magis
1477 1114 1769 1199 trepidus
1817 1115 2265 1181 admirationis
2314 1121 2381 1181 et
2425 1119 2661 1200 metus,

304 1208 637 1288 postremo
697 1205 1020 1269 exclamat
1080 1203 1458 1290 ambiguum
1514 1203 1642 1268 sibi
1698 1226 1774 1269 ac
1826 1226 2031 1289 prope
2085 1205 2387 1270 ultimum
2436 1204 2661 1270 discri-

304 1315 456 1358 men
501 1293 767 1358 instare.
848 1296 989 1358 tum
1036 1292 1410 1377 complexus
1458 1313 1605 1358 eum
1651 1292 1950 1358 Tiberius
1994 1294 2361 1378 praescium
2407 1294 2659 1377 pericu·

201 1395 268 1445 15
305 1381 519 1447 lorum
558 1385 624 1446 et
657 1382 1050 1448 incolumem
1095 1381 1236 1447 fore
1283 1384 1600 1466 gratatur,
1637 1402 1926 1467 quaeque
1975 1382 2229 1447 dixerat
2273 1382 2481 1448 oracli
2517 1382 2659 1447 vice

307 1470 630 1556 accipiens
676 1471 847 1536 inter
889 1471 1157 1536 intimos
1204 1469 1559 1536 amicorum
1605 1473 1800 1535 tenet.

195 1561 283 1625 22
483 1558 608 1625 Sed
653 1559 814 1624 mihi
857 1560 1020 1625 haec
1079 1580 1155 1624 ac
1213 1559 1377 1625 talia
1423 1559 1712 1624 audienti
1767 1560 1839 1623 in
1892 1559 2142 1624 incerto
2187 1559 2502 1624 iudicium
2539 1564 2659 1644 est,

303 1648 524 1713 fatone
578 1669 681 1713 res
736 1649 1106 1715 mortalium
1153 1652 1219 1713 et
1260 1648 1653 1714 necessitate
1707 1647 2104 1714 immutabili
2158 1671 2242 1713 an
2299 1648 2472 1713 forte
2519 1650 2656 1715 vol-

304 1740 555 1803 vantur.
648 1738 888 1821 quippe
935 1736 1451 1823 sapientissimos
1498 1742 1793 1803 veterum
1839 1737 2079 1822 quique
2136 1739 2383 1802 sectam
2432 1759 2659 1803 eorum

301 1825 729 1908 aemulantur,
765 1825 1053 1892 diversos
1090 1826 1391 1911 reperies,
1427 1847 1504 1891 ac
1542 1824 1765 1890 multis
1801 1825 2069 1891 insitam
2109 1826 2484 1909 opinionem
2521 1847 2656 1892 non

232 1929 264 1979 5
301 1915 491 1980 initia
533 1915 763 1997 nostri,
806 1936 939 1979 non
984 1914 1209 1998 finem,
1250 1936 1384 1981 non
1430 1914 1703 1999 denique
1750 1914 2047 1979 homines
2095 1914 2194 1980 dis
2242 1936 2463 2000 curae3
2509 1914 2656 1981 ideo

304 2003 687 2070 creberrime
733 2003 948 2068 tristia
991 2003 1063 2067 in
1109 2003 1343 2087 bonos,
1398 2003 1575 2068 laeta
1625 2002 1799 2087 apud
1846 2003 2197 2068 deteriores
2244 2024 2404 2069 esse.

2507 2024 2657 2069 con-

302 2096 409 2158 tra
454 2093 567 2158 alii
612 2093 820 2157 fatum
858 2091 1115 2177 quidem
1154 2113 1512 2179 congruere
1550 2092 1745 2157 rebus
1782 2095 2037 2175 putant,
2077 2092 2189 2157 sed
2223 2114 2356 2157 non
2397 2113 2433 2157 e
2472 2093 2656 2178 vagis

303 2182 541 2267 stellis,
595 2203 820 2247 verum
874 2181 1047 2264 apud
1100 2181 1424 2266 principia
1472 2185 1538 2245 et
1590 2201 1795 2246 nexus
1841 2180 2236 2246 naturalium
2271 2201 2658 2266 ‚causarum3

370 2399 420 2448 2.
497 2395 804 2449 litterarum
837 2393 1097 2464 ignaru-3,
1143 2392 1324 2447 damit
1359 2409 1420 2447 er

297 2464 485 2521 nichts
515 2464 811 2520 verstehen
835 2466 953 2517 und
974 2461 1212 2534 folglich
1231 2463 1419 2518 nichts

298 2537 558 2591 verraten
595 2536 824 2591 konnte.

370 2613 420 2662 3.
512 2607 643 2662 avia
691 2623 757 2662 ac
801 2606 1060 2676 derupta,
1109 2602 1216 2660 wie
1252 2612 1312 2674 4,
1349 2610 1420 2659 45

298 2694 407 2761 per
429 2679 665 2748 derupta
682 2683 733 2732 et
759 2678 919 2744 avia‚·
955 2646 1415 2731 substantivierte

299 2748 610 2819 Adiectiva.
649 2749 898 2803 Ebens0.
929 2749 1187 2816 abrupta,
1216 2748 1418 2814 ardua,

299 2820 468 2887 edita,
503 2820 735 2886 altiora,
769 2835 1007 2886 summa,
1035 2819 1328 2888 profunda
1361 2836 1415 2874 u.

297 2908 348 2945 a.
385 2909 459 2946 m.

370 2967 419 3016 9.
493 2963 868 3032 interroyatur
912 2977 1014 3029 an,
1050 2960 1155 3015 wie
1197 2965 1288 3030 15,
1330 2966 1417 3015 61.

300 3031 372 3086 So
411 3033 556 3087 setzt
591 3030 820 3086 Tacitus
856 3049 934 3086 an
968 3031 1116 3085 nach
1142 3047 1417 3100 quaerere,

297 3104 558 3171 rogitare,
589 3103 925 3171 percontari,
963 3103 1258 3169 consulere,
1293 3117 1415 3158 con·

294 3174 519 3242 sultare,
555 3175 784 3245 ayitare.

1527 2390 1737 2448 Livius.
1832 2390 1940 2446 Mit
1991 2394 2189 2446 Accus.
2240 2408 2288 2447 c.
2349 2391 2452 2446 inf.
2508 2391 2656 2446 auch

1723 2461 1790 2520 A.
1828 2467 1880 2531 5,
1917 2468 1985 2518 39
2022 2463 2244 2518 reduces
2271 2463 2396 2533 (eos
2436 2465 2598 2533 esse.)

1528 2462 1696 2590 ᾗ
1743 2540 1795 2589 4
1841 2550 1935 2602 rep
1938 2535 2087 2602 eries,
2120 2533 2516 2603 nachdenSp
2516 2549 2657 2588 uren

1529 2605 1629 2660 der
1651 2603 2017 2659 Haudschrift
2045 2604 2226 2673 (nicht
2252 2552 2518 2674 repmaf)
2545 2606 2654 2659 wie

1529 2681 1582 2744 4,
1618 2681 1688 2730 33
1724 2677 1957 2745 reperies
1983 2676 2082 2745 qui
2119 2707 2187 2715 —
2224 2680 2443 2745 putent.
2519 2675 2654 2730 dial.

1528 2751 1595 2802 12
1623 2748 1817 2816 plures
1851 2747 2010 2802 hodie
2045 2762 2277 2815 repones
2311 2748 2518 2816 qui—
2564 2748 2654 2803 de·

1525 2823 1764 2875 tractent.
1786 2848 1856 2858 —
1873 2818 2079 2884 multia,
2102 2817 2350 2872 namlich
2381 2818 2494 2873 den
2518 2819 2654 2888 Epi-

1524 2889 1787 2944 kuraern.

1600 2965 1649 3017 5.
1721 2960 1894 3015 initia
1926 2960 2122 3027 nostri,
2159 2958 2511 3030 subjektiver
2546 2958 2656 3014 Ge-

1526 3030 1711 3098 netiv3
1768 3031 1883 3099 vgl.
1940 3036 1999 3099 2,
2058 3035 2128 3085 54
2180 3033 2358 3085 nostri
2420 3032 2653 3099 oriqine.

1529 3101 1663 3157 hist.
1694 3072 1754 3168 3,
1792 3107 1862 3156 34
1898 3118 1936 3156 a
1963 3101 2276 3170 primordio
2310 3103 2418 3159 sui.

1603 3178 1651 3227 6.
1725 3171 1833 3227 Mit
1874 3174 1940 3227 in
1982 3173 2444 3242 korrespondiert
2479 3173 2654 3243 apud,

372 3249 453 3299 10.
529 3246 774 3315 positus,
830 3262 872 3299 s.
928 3260 998 3296 zu
1045 3249 1112 3311 4,
1159 3247 1192 3297 5
1231 3245 1423 3332 positu
1530 3244 1636 3299 wie
1677 3244 2653 3313 14‚14inwrbibu3—apudtem-

295 3315 658 3441 reyliimillber
683 3390 950 3456 quantum
976 3385 1085 3440 mit
1111 3385 1239 3441 dem
1267 3385 1419 3440 Kon-

290 3456 538 3527 junktiv.
577 3474 620 3513 s.
659 3474 746 3526 cp.
787 3463 852 3512 19
892 3474 984 3511 am
1021 3456 1195 3511 Ende.

371 3534 454 3585 12.
510 3530 687 3597 mayis
722 3545 789 3583 ac
822 3530 1014 3598 magis,
1050 3526 1158 3583 mit
1184 3544 1251 3583 ac
1277 3529 1420 3582 statt

295 3600 1308 3741 Ἑκειῖιξεῇἰζῖἒὴαῷἕιΐρίζεέἶοιηὲέὼ
1329 3605 1418 3726 {Sd

295 3741 414 3798 Att.
449 3747 532 3810 14,
575 3746 655 3809 18,
693 3747 744 3795 4.
788 3747 870 3811 16,
909 3749 958 3809 3,
998 3747 1045 3797 1.
1078 3742 1417 3832 —trepidus

295 3813 405 3867 mit
432 3813 561 3867 dem
591 3811 830 3868 Genetiv
856 3784 934 3867 ’ist
960 3811 1055 3867 bei
1071 3809 1355 3867 Tacitus*
1315 3832 1412 3867 απ.

297 3882 418 3955 elo„
443 3890 597 3941 sonet
614 3902 718 3938 nur
746 3883 839 3938 bei
854 3882 1036 3953 virgil
1066 3885 1180 3938 und
1207 3883 1414 3939 Livius.

368 3961 452 4012 14.
477 3956 793 4038 praescium
815 3955 935 4010 scil
956 3970 1081 4010 esse.
1121 3954 1237 4009 Das
1255 3952 1417 4011 Wort

292 4026 371 4081 ist
405 4025 659 4096 poetisch
695 4026 808 4081 und
845 4025 1281 4082 nachklassisch.

369 4104 452 4153 15.
502 4099 736 4168 yratari,
775 4097 882 4152 wie
916 4103 966 4166 2,
997 4101 1064 4150 75
1102 4094 1217 4149 und
1254 4094 1414 4164 efter,

293 4166 388 4221 bei
440 4167 569 4224 Tac.
625 4167 904 4223 beliebter
967 4167 1054 4221 als
1118 4166 1414 4233 yratuzari,

297 4236 611 4294 ausserdem
665 4257 773 4295 nur
836 4238 929 4295 bei
978 4236 1248 4293 Dichtern
1299 4239 1415 4293 und

1518 3317 1653 3385 pla,·
1688 3314 1880 3384 haufig
1882 3331 1941 3370 er
1974 3315 2040 3369 in
2075 3315 2191 3369 und
2227 3315 2318 3370 ad.

1600 3391 1650 3440 7.
1715 3386 1848 3454 alii,
1840 3332 1978 3440 gdie
2017 3384 2263 3454 swiker,
2311 3386 2405 3440 die
2442 3401 2516 3439 an
2552 3384 2655 3440 das

1525 3456 1727 3511 Fatum
1789 3428 2088 3527 glaubten,
2148 3455 2283 3511 aber
2348 3457 2500 3511 doch
2554 3456 2656 3512 der

1526 3475 1945 3583 menschligchen
1991 3499 2461 3583 Willensfreiheit
2512 3527 2654 3582 eini-

1596 3618 1635 3653 n
1700 3599 1737 3653 S
1739 3599 2015 3668 pielraum
2069 3598 2470 3668 zugestanden.
2571 3598 2654 3653 Zu

1525 3615 1777 3725 ΞῗεεειιιΡ
1768 3669 2025 3725 Glauben
2050 3671 2211 3740 neigt
2236 3670 2384 3724 auch
2402 3668 2651 3725 Tacitus.

1525 3771 1594 3782 -
1648 3741 1828 3808 fatum
1864 3757 2158 3811 conqruere
2191 3742 2349 3795 rebus
2388 3741 2532 3795 statt
2566 3756 2654 3796 res

1523 3828 1818 3938 mm
1835 3813 1964 3937 {2⁶13
1990 3810 2483 3951 3233101333333,
2490 3810 2653 3937 ⁸322

1525 3954 1635 4009 den
1662 3955 1850 4009 davon
1875 3953 2219 4011 bestimmt‘fl
2242 3984 2310 3994 --
2336 3955 2499 4025 vayis
2522 3954 2650 4010 stez-

1525 4027 1619 4094 lis,
1672 4025 1781 4080 den
1835 4024 2137 4093 Planeten,
2190 4026 2347 4081 sonet
2403 4031 2656 4081 errantes

1522 4097 1787 4165 genannt.
1880 4097 2001 4151 Nur
2054 4096 2208 4151 diese
2251 4096 2483 4151 wurden
2537 4112 2653 4151 von

1522 4167 1631 4222 den
1667 4167 2010 4236 Astrologen
2042 4165 2510 4237 berflcksichtigt.

1594 4244 1642 4294 8.
1718 4239 2010 4309 principia
2054 4244 2143 4295 ctt.
2200 4237 2292 4294 die
2338 4242 2653 4309 ursprfing·
