2867 4625
1042 72 1264 127 LIBER
1297 72 1341 128 1.
1417 70 1574 129 CAP.
1611 79 1841 129 65-67.
2530 75 2612 140 ’Π

260 253 412 297 nam
459 229 712 317 (rarum
746 232 849 298 illi
886 231 1095 319 caelo)
1134 235 1429 300 siccitate
1468 237 1535 300 et
1569 235 1868 303 amnibus
1916 237 2186 303 modicis
2224 238 2615 305 inoffensum

260 320 385 385 iter
444 327 940 406 properaverat,
996 322 1366 409 imbresque
1425 327 1493 388 et
1545 324 1883 391 fluminum
1940 329 2168 392 auctus
2224 326 2618 412 regredienti

260 411 694 475 metuebatur.
804 411 918 476 sed
971 409 1229 478 Chattis
1295 411 1456 478 adeo
1520 413 1912 498 improvisus
1958 414 2251 498 advenit,
2315 420 2391 481 ut
2444 417 2617 500 quod

260 497 659 564 imbecillum
717 503 930 564 aetate
985 521 1061 566 ac
1117 522 1274 567 sexu
1321 501 1547 566 statim
1591 504 1854 586 captum
1911 506 2028 568 aut
2070 465 2464 570 truci'datum
2510 505 2616 572 sit.
2638 522 2703 571 10

260 587 564 652 iuventus
611 587 852 653 flumen
888 588 1223 655 Adranam
1256 589 1475 656 nando
1519 589 1912 674 tramiserat,
1956 590 2415 694 Romanosque
2458 615 2617 679 pon-

258 678 394 740 tem
473 676 842 759 coeptantis
907 677 1242 759 arcebant,
1316 678 1465 743 dein
1537 681 1882 745 tormentis
1960 680 2349 767 sagittisque
2422 681 2614 767 pulsi,

261 764 604 848 temptatis
647 763 895 830 frustra
948 766 1436 832 condicionibus
1486 766 1687 869 pacis,
1740 788 1889 834 cum
1927 768 2193 871 quidam
2221 770 2314 839 ‚ad
2351 769 2615 839 Germa-

257 851 483 919 nicum
540 853 1018 938 perfugissent,

258 940 745 1027 disperguntur.

1080 855 1319 940 reliqui
1380 854 1639 923 omissis
1693 856 1884 941 pagis
1938 858 2228 943 vicisque
2283 859 2352 924 in
2414 860 2614 926 silvas

850 940 1092 1009 Caesar
1134 943 1399 1009 incenso
1445 942 1685 1010 Mattio
1741 943 1841 1030 (id
1885 946 2068 1031 genti
2112 947 2336 1031 caput)
2383 954 2614 1032 aperta
2636 965 2701 1014 15

259 1030 613 1113 populatus
660 1030 858 1096 vertit
894 1032 975 1097 ad
1020 1031 1338 1115 Rhenum,
1382 1054 1519 1097 non
1554 1055 1713 1099 auso
1757 1033 1950 1101 hoste
1995 1037 2187 1121 terga
2231 1035 2610 1105 abeuntium

258 1118 605 1200 lacessere,
650 1118 823 1203 quod
866 1119 968 1184 illi
1012 1122 1231 1204 moris,
1275 1121 1576 1223 quotiens
1622 1127 1769 1187 astu
1814 1123 2028 1208 magis
2076 1145 2272 1208 quam
2315 1146 2435 1208 per
2477 1124 2608 1191 for-

256 1206 570 1272 midinem
616 1209 829 1274 cessit.
923 1208 1140 1275 fuerat
1183 1211 1439 1275 animus
1484 1207 1827 1276 Cheruscis
1870 1211 2099 1279 iuvare
2144 1210 2449 1295 Chattos,
2498 1213 2613 1280 sed

254 1296 577 1362 exterruit
622 1294 904 1362 Caecina
955 1297 1083 1363 huc
1135 1298 1291 1363 illuc
1347 1298 1561 1364 ferens
1617 1321 1828 1384 arma3
1885 1304 1953 1366 et
1995 1298 2252 1369 Marsos
2309 1301 2667 1456 congredi2

256 1406 454 1450 ausos
500 1406 814 1470 prospero
860 1387 1110 1470 proelio
1157 1385 1468 1454 cohibuit.

439 1471 669 1558 Neque
729 1476 939 1541 multo
1002 1480 1155 1578 post
1215 1475 1420 1561 legati
1480 1498 1521 1541 a
1581 1472 1851 1559 Segeste
1910 1481 2229 1543 venerunt
2301 1478 2615 1545 auxilium
2631 1407 2716 1546 507

254 1565 524 1627 orantes
599 1563 906 1628 adversus
971 1566 1105 1629 vim
1177 1564 1623 1649 popularium,
1686 1586 1727 1630 a
1791 1566 1934 1650 quis
2009 1564 2614 1652 circumsedebatur,

255 1650 576 1716 validiore
638 1651 809 1736 apud
865 1673 976 1718 eos
1021 1652 1349 1754 Arminio,
1405 1651 1715 1737 quoniam
1761 1652 2010 1718 bellum
2052 1654 2401 1722 suadebat·
2455 1678 2612 1723 nam

253 1738 587 1822 barbaris,
644 1745 892 1842 quanto
951 1741 1095 1825 quis
1151 1741 1425 1807 audacia
1477 1745 1851 1826 promptus,
1912 1745 2101 1808 tante
2153 1744 2370 1830 magis

2426 1743 2613 1829 fidus,

253 1827 455 1893 rebus
515 1827 862 1895 commotis
920 1830 1138 1914 potior
1200 1830 1494 1896 habetur.
1585 1829 1937 1896 addiderat
1999 1828 2303 1917 Segestes
2369 1832 2611 1917 legatis
2632 1850 2664 1899 5

253 1916 469 1982 filium
481 1967 498 2000 ‚
561 1917 823 1983 nomine
870 1916 1369 2004 Segimundum·
1427 1918 1543 1984 sed
1597 1917 1850 1987 iuvenis
1907 1921 2307 1987 conscientia
2353 1926 2614 1993 cuneta-

253 2005 470 2071 batur.
571 2006 809 2091 quippe
865 2028 1035 2073 anno
1083 2029 1211 2092 quo
1256 2006 1646 2073 Germaniae
1700 2008 2025 2077 descivere
2079 2010 2379 2077 sacerdos
2439 2011 2615 2095 apud

251 2115 441 2159 aram
496 2092 814 2163 Ubiorum
877 2101 1132 2161 creatus
1190 2100 1459 2182 ruperat
1511 2096 1740 2180 vittas,
1801 2097 2118 2184 profugus
2173 2098 2257 2165 ad
2318 2099 2615 2165 rebelles.

248 2181 574 2248 adductus
619 2186 839 2249 tamen
882 2183 954 2249 in
1009 2206 1189 2269 spem
1244 2184 1628 2253 clementiae
1673 2184 2007 2251 Romanae

2065 2187 2340 2270 pertulit
2394 2187 2604 2272 patris

244 2271 566 2337 manda-ta
599 2271 1005 2358 benigneque
1041 2278 1346 2376 exceth
1382 2294 1530 2340 cum
1566 2273 1894 2358 praesidio
1931 2272 2309 2342 Gallicam
2289 2297 2359 2342 111
2392 2277 2608 2361 ripam
2632 2295 2698 2345 10

250 2360 501 2426 missus
549 2365 666 2427 est.
759 2358 1146 2430 Germanico
1182 2363 1465 2448 pretium
1500 2363 1631 2428 fuit
1663 2367 2040 2430 convertere
2078 2384 2328 2449 agmen,
2363 2386 2614 2452 pugna-

250 2453 529 2534 tumque
583 2449 654 2514 in
709 2448 1096 2535 obsidentis,
1155 2458 1222 2518 et
1275 2456 1537 2536 ereptus
1594 2449 1897 2538 Segestes
1962 2472 2205 2539 magna
2256 2475 2405 2520 cum
2463 2476 2613 2538 pro-

253 2537 655 2623 pinquorum
701 2541 769 2603 et
815 2539 1150 2605 clientium
1194 2562 1410 2606 mamu.
1500 2540 1758 2607 inerant
1802 2541 2084 2605 feminae
2125 2541 2397 2644 1111111188,
2442 2541 2614 2607 inter

252 2648 429 2711 quas
475 2649 639 2694 uxor
664 2625 958 2694 Arminii
994 2628 1344 2714 eademque
1387 2629 1527 2696 filia
1545 2628 1877 2715 Segestis,
1904 2629 2134 2696 mariti
2169 2629 2381 2715 magis
2417 2651 2613 2714 quam

249 2817 496 2873 denken.
569 2805 722 2873 Uber
768 2818 861 2873 die
896 2818 1237 2875 Parenthese
1275 2818 1382 2875 mit

244 2903 454 2944 rarum
488 2906 532 2943 s.
568 2907 638 2943 zu
671 2905 758 2958 cp.
796 2895 884 2946 39.

331 2962 382 3014 7.
433 2959 735 3027 inoffensus
792 2977 898 3014 1181
958 2959 1054 3015 1181
1105 2959 1381 3016 Dichtern

254 3029 379 3084 und
413 3028 703 3099 Spateren.

249 3105 808 3227 ffiifflffiz'm‘
783 3100 983 3241 Ἒὲωέῗ
1016 3100 1381 3242 ὣῗέΐὲῗ

248 3240 530 3296 Dichter-n
564 3243 680 3297 und
717 3243 993 3312 Spateren
1037 3244 1183 3299 auch
1219 3248 1372 3301 tuan·

249 3311 409 3367 sitiv.
478 3311 702 3369 Ebenso
736 3315 1016 3383 festmare.

333 3387 416 3437 11.
455 3383 696 3439 Adrana
729 3384 807 3439 ist
841 3386 932 3441 die
956 3384 1159 3441 Eder
1140 3404 1200 3441 111
1227 3384 1374 3441 Kur-

247 3453 489 3519 bessem
526 3454 607 3509 sie
643 3455 826 3510 faut
808 3474 869 3510 m
905 3457 996 3512 die
1032 3457 1229 3514 Fulda.

329 3527 416 3580 15.
452 3494 724 3581 Illattiwm
758 3526 837 3580 im
873 3527 1064 3582 Laude
1103 3527 1204 3583 der
1231 3528 1375 3583 Mat·

247 3595 442 3650 tiaker
465 3594 724 3652 nordlich
751 3612 862 3653 von
888 3596 988 3652 1181
1012 3597 1176 3654 Ε1181.
1240 3597 1376 3655 Dies

248 3665 409 3721 Volk
457 3666 744 3723 wandel-te
795 3670 987 3739 apator
1037 3669 1256 3724 sudlich
1313 3670 1374 3725 in

249 3737 356 3792 das
388 3737 602 3821 jetzige
637 3737 874 3795 Nassau.
927 3738 993 3793 In
1028 3738 1242 3796 seinem
1271 3739 1379 3796 Ge—

254 3756 415 3863 biete
438 3807 629 3879 liegen
665 3809 756 3865 die
795 3811 971 3866 echon
999 3812 1109 3866 den
1134 3810 1378 3866 Romern

249 3878 579 3935 bekannten
614 3897 860 3936 warmen
895 3881 1270 3964 Heilquellen.

327 3954 414 4004 18.
471 3949 579 4005 Die
640 3951 980 4020 Cherusker‚
1046 3952 1139 4007 die
1196 3954 1375 4009 schon

252 4018 429 4076 Casar
472 4021 677 4090 kennt,
716 4023 1007 4091 wohnten,
1055 4022 1232 4079 durch
1269 4024 1379 4080 den

251 4090 428 4146 Wald
458 4062 702 4147 Bacani’s
737 4111 849 4149 von
886 4095 995 4149 den
1024 4093 1243 4149 Sueben
1280 4111 1376 4165 38

250 4162 472 4232 trennt,
531 4162 810 4219 zwischen
861 4164 960 4219 der
1009 4165 1209 4220 Weser
1263 4167 1376 4221 und

256 4231 418 4302 Elbe,
457 4233 590 4290 dem
623 4233 772 4289 Harz
808 4237 924 4290 und
962 4237 1059 4291 der
1095 4234 1266 4293 Aller.

1562 2826 1647 2877 19.
1701 2820 1856 2877 Statt
1896 2821 1993 2876 des
2037 2837 2180 2891 asyn
2179 2820 2471 2877 detischen
2506 2821 2613 2878 huc

1487 2892 1650 2960 illuc,
1695 2890 1938 2948 welches
1976 2892 2205 2948 Tacitus
2248 2909 2356 2947 1181·
2400 2892 2462 2947 111
2499 2893 2609 2948 1188

1488 2961 1633 3018 Hist.
1684 2963 1800 3018 und
1852 2963 2112 3018 Annalen
2176 2964 2302 3032 hat,
2370 2966 2500 3035 sagt
2552 2980 2613 3019 er

1488 3034 1633 3089 auch
1668 3033 1782 3089 huc
1818 3039 1886 3102 et,
1920 3039 2100 3103 atque,
2134 3035 2218 3090 vel
2250 3034 2404 3090 11188.

1559 3121 1657 3178 57.
1676 3126 1729 3178 4.
1756 3108 1908 3178 Uber
1944 3122 2440 3193 3881110381811111
2480 3121 2611 3179 dem

1487 3192 1704 3248 Positiv
1740 3212 1783 3248 s.
1821 3192 1967 3247 Einl.
2004 3199 2053 3259 5.
2091 3199 2180 3261 97,
2215 3193 2271 3249 b.
2347 3231 2356 3238 ·

1554 3284 1605 3336 δ.
1651 3282 1928 3337 commotis
1977 3279 2056 3335 ist
2102 3281 2322 3336 starker
2363 3281 2450 3336 als
2502 3280 2605 3337 das

1481 3351 1540 3405 in
1596 3351 1780 3435 dieser
1823 3350 2160 3421 Bedeutung
2208 3351 2597 3422 gewohnliche

1494 3427 1748 3627 ’aggeo
1792 3501 2054 3558 Ubiorum
2090 3527 2159 3549 ε-
2194 3501 2361 3559 ΚδΙῑι.
2433 3500 2488 3558 S.
2528 3520 2598 3558 zu

1484 3588 1572 3642 cp.
1687 3616 1699 3628 .

1559 3657 1642 3707 10.
1707 3652 2062 3723 Ungeacbtet
2133 3652 2234 3708 der
2298 3653 2606 3709 deutschen

1485 3721 1796 3779 Bewohner
1823 3722 1993 3778 heifst
2021 3723 2122 3778 das
2150 3723 2306 3778 liuke
2323 3724 2458 3779 Ufer
2483 3725 2609 3780 hier

1485 3794 1585 3848 das
1630 3793 1935 3863 gallisehe,
1971 3792 2101 3849 weil
2137 3792 2362 3849 Gallien
2398 3794 2459 3851 in
2508 3795 2606 3852 der

1485 3864 1647 3920 Nahe
1683 3864 1796 3935 183.

1561 3949 1642 3999 11.
1663 3946 1908 4028 pretium
1932 3946 2047 4013 fuit
2083 3947 2223 4001 statt
2258 3961 2453 4016 operae
2469 3962 2602 4015 pre—

1485 4016 1626 4070 tium
1659 4016 1791 4084 fuit,
1828 4015 1934 4070 wie
1962 4021 2013 4083 2,
2043 4021 2113 4074 36
2147 4017 2214 4071 ni
2235 4017 2484 4085 pretium
2517 4017 2606 4084 fo—

1484 4092 1568 4211 ἦρι
1613 4102 1844 4142 noscere.
1935 4086 2143 4141 Findet
2188 4085 2308 4142 sich
2352 4103 2459 4141 nur
2512 4088 2606 4143 bei

1535 4156 1731 4211 acitus.

1560 4242 1642 4291 14.
1698 4252 1857 4292 uxor.
1950 4235 2046 4290 Ihr
2090 4234 2298 4303 Name,
2354 4236 2463 4292 den
2516 4241 2604 4292 ro·
