2867 4625
189 928 259 978 10
295 911 538 977 bellum
594 930 752 974 esse.

941 31 1290 89 CORNELII
1326 30 1570 89 TACITI
1606 31 2004 91 ANNALIUM

291 197 607 264 sollemne
652 197 754 261 ius
801 195 1173 280 iurandum3
1229 197 1825 280 nuncupationibus
1870 203 2172 264 votorum
2219 219 2358 264 nou
2405 196 2649 279 adesse,

291 286 584 371 quamvis
640 285 1193 371 quindecimvirali
1249 284 1613 350 sacerdotio
1669 287 2065 373 praeditum3
2121 308 2483 372 numquam
2534 306 2657 369 pro

291 376 501 440 salute
547 374 862 459 principis
910 377 1025 439 aut
1069 374 1334 439 caelesti
1379 395 1537 439 voce
1585 375 2060 460 immolavisse3
2107 375 2449 442 adsiduum
2497 375 2651 440 olim

219 481 254 529 5
293 469 360 531 et
412 464 836 548 indefessum,
890 464 1000 549 qui
1046 462 1431 548 vulgaribus
1478 473 1731 548 quoque
1775 469 2036 549 patrum
2085 464 2395 532 consultis
2444 467 2657 531 semet

290 554 613 620 fautorem
678 555 793 617 aut
856 552 1296 617 adversarium
1363 552 1757 638 ostenderet,
1823 554 2105 621 triennio
2159 575 2291 619 non
2341 553 2661 620 introisse

292 644 557 727 curiam,
599 642 1114 727 nuperrimeque,
1159 662 1304 706 cum
1351 641 1432 707 ad
1479 642 1868 709 coercendos
1907 642 2199 709 Silanum
2244 645 2308 707 et
2341 641 2661 708 Veterem

293 731 591 798 certatim
636 733 1140 814 concurreretur,
1184 730 1459 816 privatis
1503 731 1724 813 potius
1771 732 2105 798 clientium
2144 732 2422 817 negotiis
2467 752 2663 798 vaca·-

291 821 490 887 visse:
537 820 972 885 secessionem
1017 820 1149 885 iam
1195 819 1263 884 id
1309 823 1376 884 et
1418 824 1643 903 partes
1681 823 1766 905 et,
1811 821 1869 887 si
1906 822 2079 887 idem
2120 821 2312 887 multi
2349 820 2666 904 audeant,

844 908 942 974 ‘ut
997 908 1323 994 quondam
1383 905 1452 973 O.
1499 905 1869 976 Gaesarem'
1926 911 2141 996 inquit
2193 909 2283 975 ‘et
2323 908 2413 976 M.
2467 907 2659 975 Cato-

293 1021 473 1085 nem,
525 998 622 1064 ita
675 1019 848 1064 nunc
892 1001 987 1082 te,
1039 995 1247 1076 Nero,
1303 1000 1369 1061 et
1414 996 1771 1064 Thraseam
1820 999 2011 1065 avida
2057 999 2536 1066 discordiarum
2582 999 2659 1064 ci-

295 1089 469 1155 vitas
522 1087 827 1174 loquitur.
918 1089 984 1151 et
1034 1086 1238 1151 habet
1292 1089 1647 1153 sectatores
1700 1088 1805 1154 vel
1860 1089 2083 1173 potius
2141 1087 2489 1172 satelliteS,
2556 1086 2662 1172 qui

296 1178 586 1245 nondum
651 1175 1124 1243 contumaciam
1180 1175 1678 1261 sententiarum,
1745 1177 1858 1242 sed
1913 1178 2212 1243 habitum
2274 1177 2659 1261 vultumque

300 1268 436 1334 eius
483 1269 831 1349 sectantur,
874 1264 1070 1349 rigidi
1114 1268 1182 1330 et
1224 1265 1467 1349 tristes,
1514 1286 1642 1349 quo
1690 1265 1814 1331 tibi
1857 1266 2197 1332 lasciviam
2243 1266 2669 1349 exprobrent.

195 1373 260 1421 15
296 1356 450 1424 huic
503 1355 618 1421 uni
673 1355 1085 1421 incolumitas
1140 1357 1256 1419 tua
1313 1353 1455 1419 sine
1509 1374 1690 1438 cura,
1744 1358 1919 1420 artes
1966 1356 2106 1421 sine
2151 1356 2410 1422 honore.

296 1533 616 1602 satiatur?
717 1532 1004 1599 eiusdem
1065 1532 1265 1597 ammi
1325 1534 1426 1597 est
1479 1530 1855 1617 Poppaeam
1912 1533 2130 1599 divam
2182 1555 2315 1600 non
2369 1532 2661 1616 credere,

297 1626 476 1690 cuius
539 1623 609 1687 in
675 1625 822 1687 acta
876 1621 1007 1687 divi
1062 1621 1347 1706 Augusti
1401 1623 1470 1686 et
1522 1621 1655 1687 divi
1708 1622 1834 1687 Iuli
1889 1643 2022 1688 non
2075 1623 2305 1688 iurare.
2397 1622 2661 1706 spernit

296 1714 665 1798 religiones,
701 1711 977 1796 abrogat
1011 1711 1204 1795 leges,
1280 1709 1511 1774 diurna
1544 1711 1770 1795 populi
1797 1710 2079 1777 Romani
2115 1733 2230 1796 per
2255 1711 2657 1796 provinciaS,

187 1817 259 1867 20
295 1825 410 1887 per
454 1801 771 1867 exercitus
817 1799 1101 1865 curatius
1145 1800 1471 1885 leguntur,
1515 1803 1590 1864 ut
1635 1803 1943 1866 noscatur
1988 1800 2142 1886 quid
2179 1799 2470 1866 Thrasea
2517 1822 2651 1867 non

292 1890 539 1957 fecerit.
628 1892 743 1955 aut
784 1891 1190 1954 transeamus
1239 1888 1319 1953 ad
1364 1888 1481 1954 illa
1522 1889 1858 1969 instituta,
1902 1889 1960 1955 si
2002 1891 2266 1973 potiora
2310 1892 2490 1971 sunt,
2539 1893 2653 1955 aut

295 2002 467 2046 nova
514 1977 920 2063 cupientibus
968 1977 1293 2043 auferatur
1338 1976 1468 2043 dux
1514 1981 1580 2043 et
1624 1982 1870 2045 auctor.
1958 1978 2088 2044 ista
2133 1983 2312 2045 secta
2359 1977 2649 2044 Tubero·

296 2091 413 2135 nes
468 2072 533 2134 et
576 2066 927 2150 Favonios‚
981 2067 1184 2132 veteri
1239 2088 1494 2152 quoque
1547 2067 1644 2131 rei
1696 2068 1993 2151 publicae
2047 2068 2311 2154 ingrata
2355 2068 2655 2152 nomina,

299 2159 544 2246 genuit.
632 2160 707 2221 ut
758 2157 1100 2241 imperium
1153 2158 1475 2237 evertant,
1528 2154 1893 2230 libertatem
1939 2156 2341 2242 praeferunt:
2400 2156 2457 2220 si
2507 2178 2649 2240 per·

373 2376 423 2426 2.
479 2368 584 2424 Die
623 2374 757 2425 vota
811 2369 937 2423 sind
984 2368 1075 2423 die
1123 2385 1196 2422 an
1236 2367 1425 2438 Jedem

307 2447 357 2496 3.
376 2441 413 2495 J
413 2457 591 2495 anuar
626 2440 1041 2510 abgehaltenen
1076 2439 1289 2494 Gebcte
1328 2440 1430 2494 der

304 2511 837 2581 Priesterkollegien
882 2528 993 2581 pro
1053 2512 1429 2565 incolumitate

296 2584 608 2708 ming-ipim
659 2583 750 2638 die
789 2584 933 2638 auch
970 2589 1030 2650 4,
1071 2587 1137 2638 17
1175 2582 1431 2637 erwahnt

308 2672 424 2710 wer
465 2671 551 2709 cn.

383 2733 430 2781 3.
471 2725 576 2781 Die
638 2726 1025 2781 “indecimviri
1051 2724 1177 2779 sind
1205 2723 1297 2779 die
1324 2723 1429 2779 Be·

310 2797 529 2852 wahrer
623 2806 699 2851 er'
730 2796 1152 2866 sibyllinischen
1195 2795 1431 2852 Bucher.

309 2867 439 2938 Vgl.
479 2886 547 2922 zu
582 2873 643 2937 3,
681 2874 765 2923 64.

382 2945 433 2994 4.
481 2955 623 2995 voce.
696 2938 858 2993 Auch
894 2937 988 2993 bei
1021 2938 1172 2994 Suet.
1201 2938 1333 2994 Ner.
1362 2944 1428 2993 21

314 3010 454 3065 wird
498 3010 651 3065 scine
690 3010 925 3065 Stimme
962 3026 1072 3065 von
1110 3009 1431 3065 Schmeich-

310 3082 435 3136 lern
470 3082 711 3137 caelestis
745 3098 853 3137 vox
890 3082 1153 3150 genannt.

384 3159 434 3207 5.
499 3153 803 3219 indefessus
856 3171 963 3206 nur
1020 3151 1109 3206 bei
1164 3151 1434 3206 Dichtern

313 3222 426 3278 seit
441 3223 628 3293 Virgil
654 3223 769 3277 und
797 3223 876 3277 im
908 3222 1434 3289 silbernen·Latein;

314 3295 555 3362 defessus
592 3294 737 3348 auch
771 3294 864 3349 bei
903 3294 1113 3350 Cicero.

391 3372 440 3421 7.
495 3351 644 3420 Uber
680 3364 901 3420 Silanus
927 3385 968 3420 s.
998 3364 1105 3434 Kp.
1138 3370 1195 3431 73
1233 3364 1294 3420 L.
1325 3364 1434 3419 Ve-

312 3439 407 3492 tus
441 3437 547 3507 Kp.
590 3441 673 3490 10.

389 3515 436 3564 9.
475 3510 552 3564 id.
610 3505 830 3562 Ebenso
860 3508 1015 3562 steht
1041 3508 1143 3562 das
1181 3507 1434 3564 neutrale

313 3578 627 3634 Pronomen
664 3579 750 3633 als
788 3578 1028 3662 Subjekt
1064 3579 1200 3633 oder
1227 3578 1439 3649 Objekt

271 3660 278 3667 ‘
315 3651 462 3705 trotz
508 3650 661 3705 eines
697 3650 1080 3705 Femimnums
1128 3649 1205 3704 im
1240 3650 1436 3705 Pracli-

313 3723 444 3776 k-at:
484 3729 532 3789 1,
570 3725 639 3775 49
677 3737 792 3775 non
825 3723 1152 3776 medicinam
1187 3722 1331 3775 illud
1369 3752 1433 3760 --

313 3794 410 3848 sed
445 3794 653 3847 cladem
688 3794 989 3862 appellans.
1066 3800 1125 3860 4,
1166 3798 1232 3847 19
1278 3794 1441 3861 quasi

315 3865 461 3917 illud
486 3863 795 3931 respublica
823 3869 968 3918 esset.
1026 3869 1077 3930 2,
1105 3870 1194 3919 38.
1224 3863 1354 3919 hist.
1390 3871 1437 3931 1,

317 3940 405 3988 49.
434 3937 567 4003 Agr.
599 3939 684 3988 43.
752 3934 942 3990 Selten
972 3935 1065 3989 bei
1092 3934 1435 3988 Klassikern.

394 4010 476 4058 10.
536 4005 623 4060 Μ.
674 4005 958 4073 Catonem,
1013 4006 1260 4060 namlich
1317 4004 1437 4059 Uti-

275 4106 284 4117 ·
319 4089 561 4128 oensem.

396 4148 479 4197 11.
528 4150 578 4199 tc
631 4147 772 4201 statt
825 4149 892 4202 de
944 4153 995 4202 tc
1039 4164 1147 4202 von
1198 4148 1441 4215 loquitur

319 4212 627 4284 abhangig,
653 4215 730 4272 ist
755 4217 847 4272 bei
868 4219 998 4274 Tac.
1028 4212 1126 4275 ἅπ.
1155 4216 1277 4288 εἰει,
1306 4216 1443 4272 aber

1537 2369 1712 2423 schon
1758 2368 1953 2425 Cicero
2000 2371 2151 2438 sagt:
2199 2385 2408 2424 merum
2448 2370 2659 2433 bellum,

1535 2456 1685 2495 mera
1738 2441 1940 2496 scelera
1993 2441 2158 2510 loqui.
2247 2440 2369 2496 Liv.
2423 2445 2484 2507 5,
2533 2447 2583 2505 6,
2623 2445 2659 2493 4

1535 2528 1604 2566 ne
1664 2512 1918 2581 sinqulas
1950 2513 2177 2581 ¹loquar
2239 2512 2417 2567 mbes.
2511 2498 2661 2566 Oster

1537 2583 1796 2637 disserere
1837 2584 2083 2653 aliquid.-
2131 2600 2258 2638 ann.
2301 2590 2350 2651 1,
2388 2589 2443 2639 4.
2491 2588 2542 2651 2,
2577 2588 2663 2636 27.

1542 2660 1639 2722 12,
1674 2659 1760 2709 48.
1800 2653 1930 2709 hist.
1970 2661 2029 2721 2,
2067 2660 2119 2710 2.

1615 2731 1697 2780 16.
1768 2727 1932 2780 ctiam
1994 2724 2104 2779 mit
2165 2725 2222 2780 fo
2287 2725 2493 2780 endem
2553 2740 2659 2779 nou

1543 2797 1689 2851 auch
1756 2802 1848 2866 13,
1903 2803 1937 2851 3
2000 2797 2165 2852 ctiam
2224 2725 2348 2851 gai
2414 2796 2658 2852 caesaris

1541 2868 1768 2923 turbata
1816 2884 1963 2923 mens
1999 2870 2109 2923 vim
2146 2868 2368 2922 dicendi
2403 2883 2517 2921 non
2551 2883 2661 2921 cor·

1540 2939 1714 3008 rupit.

1616 3014 1699 3064 19.
1739 3011 1968 3079 abroyat
1997 3012 2152 3081 leycS,
2180 3009 2429 3064 insofern
2462 3026 2521 3063 er
2554 3008 2657 3062 den

1582 3081 1924 3137 esetzlichen
1991 3080 2111 3135 Akt
2181 3081 2280 3136 der
2345 3079 2656 3150 jahrlichen

1592 3151 1963 3223 idesleistung
2016 3152 2266 3222 umgeht.
2323 3182 2393 3191 —
2440 3152 2667 3215 diurna,

1545 3224 1636 3278 die
1694 3223 1803 3279 seit
1849 3223 2056 3282 Caesar
2099 3221 2503 3279 erscheinende
2550 3220 2658 3276 Zei-

1543 3297 1713 3365 tung,
1761 3295 1905 3350 auch
1951 3295 2162 3353 diurna
2205 3295 2363 3348 urbis
2409 3299 2536 3348 acta
2581 3298 2661 3359 13,

1544 3372 1632 3421 31.
1707 3365 1835 3436 Vgl.
1874 3383 1942 3420 zu
1980 3372 2039 3434 ὅ,
2076 3373 2127 3421 4.

1540 3493 1553 3513 s
1616 3459 1702 3509 20.
1743 3455 1993 3509 cwratiuc
2019 3455 2163 3512 statt
2188 3455 2510 3509 accuratius
2536 3453 2667 3508 oder

1543 3526 1752 3580 maiore
1786 3541 1926 3581 cura
1962 3526 2108 3580 auch
2148 3531 2240 3593 14,
2278 3530 2365 3578 21.
2417 3532 2479 3591 2,
2519 3532 2603 3579 27.

1619 3620 1704 3670 21.
1752 3615 1881 3680 illa,
1927 3614 2176 3670 namlich
2218 3613 2309 3668 die
2345 3613 2663 3684 republika·

1548 3684 1741 3740 nische
1777 3684 2140 3757 Verfassung.

1619 3780 1703 3829 22.
1771 3774 2020 3841 Tuber0‚
2087 3774 2177 3829 ein
2235 3773 2488 3842 Stoiker,
2552 3789 2666 3827 war

1548 3846 1770 3916 Gegner
1833 3845 1932 3900 der
1996 3844 2314 3910 Gracchen,
2387 3843 2661 3899 Favonius

1548 3916 1640 3971 ein
1664 3915 1889 3983 ¹Freund
1917 3916 2017 3971 des
2047 3915 2186 3972 Cato
2215 3915 2510 3972 Uticensis.
2560 3915 2667 3969 Der

1547 3987 1827 4057 generelle
1864 3986 2059 4042 Plural
2094 3987 2200 4042 wie
2241 3993 2326 4057 15,
2359 3993 2426 4041 14
2463 3986 2663 4041 Lucul-

1550 4061 1645 4125 los,
1668 4059 1970 4129 Pompeios.
2005 4065 2053 4127 1,
2077 4064 2144 4113 10
2166 4058 2460 4126 Varronec,
2477 4057 2664 4128 Equa-

1548 4131 1682 4198 tioS,
1718 4130 1890 4185 Iulos.
1965 4130 2125 4185 Auch
2161 4130 2254 4185 bei
2291 4128 2501 4186 Cicero.

1622 4223 1706 4274 24.
1755 4220 2088 4288 praeferunt
2134 4219 2274 4274 statt
2307 4235 2452 4287 prae
2493 4234 2549 4273 sc
2589 4217 2665 4283 fe-

300 1468 521 1531 speras
565 1444 879 1528 principis
924 1464 1028 1508 res
1076 1442 1350 1545 spernit:
1396 1443 1675 1509 etiamne
1722 1443 2007 1511 luctibus
2045 1448 2112 1510 et
2147 1443 2488 1511 doloribus
2518 1376 2669 1510 {loon

2785 2099 2787 2162 1

2787 2193 2789 2258 ἵ
